2308 3217
385 139 525 195 IN
616 129 1605 195 PLUTARCHUM.

1811 160 1923 216 515

90 267 153 331 git
173 261 314 334 Justus
348 255 523 324 Lipsius·
592 256 724 333 Nam·
743 256 821 323 qui
843 269 979 332 annus
1025 248 1086 297 sar
1114 249 1309 299 censuiffe
1336 252 1480 303 fertur.
1531 258 1670 318 Quod
1693 275 1838 307 autem
1864 264 1922 309 ait

91 332 238 386 lustro,
273 325 389 376 idem
422 333 466 372 &
502 321 627 371 censu
665 339 818 391 utique
853 320 982 388 insiga
1027 319 1247 385 Augustus
1281 336 1348 368 vr.
1368 327 1416 387 ft
1443 325 1522 390 Cos
1546 328 1697 391 censum
1718 331 1840 392 egiffb,
1862 330 1923 376 lu-

91 404 171 455 nis,
208 395 283 445 nifi
299 412 396 462 quae
426 390 576 461 religio
602 390 807 451 (adverte)
836 388 984 458 prohi-
1013 387 1141 451 strum
1169 388 1366 454 tondidiffie
1388 392 1470 455 post
1495 412 1614 441 annos
1644 415 1660 440 1
1679 412 1716 440 1.
1749 400 1810 449 ὠ»
1837 413 1920 444 XL.

92 467 216 516 beret.
286 464 343 510 T.
367 466 511 511 Livius
538 460 613 509 lib.
653 481 668 507 1
688 481 702 506 1
722 480 760 508 1.
793 458 981 507 historia-

91 550 210 581 rum:
248 532 386 596 Cenfics
427 530 539 577 affus
569 549 610 577 eo
661 547 764 575 aimo
807 532 892 587 (U.
925 532 978 575 C.

89 606 374 655 cccxxwax.)
399 599 554 659 lustrum
572 610 730 663 propter
761 598 985 661 Capitolium

92 682 261 734 captum,
297 668 488 733 Consulem
511 668 675 732 occisum
700 666 810 712 condi
831 666 986 731 religio-

78 738 171 802 fitm
183 737 284 803 fuit.
357 732 493 784 Aliter
520 732 661 782 cenius
700 742 745 781 δε
785 731 983 789 lustrum,

91 809 246 852 iterum
286 800 399 859 dico,
436 800 623 850 eundem
664 818 829 849 annum
858 800 987 868 infig-

91 889 196 919 nem
218 868 443 926 faciebant,
479 886 528 918 ut
559 869 630 919 hic
667 871 786 918 locus
814 874 987 935 pervin-

92 944 165 995 cit,
204 947 249 988 &
287 955 445 986 notum
471 939 529 986 est
554 943 619 995 iis,
654 942 734 1006 qui
759 942 803 984 in
833 939 889 987 T.
916 941 986 982 Li-

90 1011 166 1064 vii,
184 1015 228 1055 &
257 1012 343 1070 ejus
371 1007 657 1073 Epitomastae‚
671 1024 724 1052 ne
740 1003 841 1051 alios
863 1021 987 1051 com-

91 1093 350 1132 memorem,
386 1073 570 1124 lectione
621 1072 813 1140 aliquem
861 1070 986 1119 usum

89 1142 261 1192 habent.
312 1147 511 1208 Epitome
537 1161 553 1186 1
572 1161 587 1187 1
609 1161 646 1188 1.
672 1142 813 1205 Censsw
834 1138 892 1186 bis
918 1160 986 1187 ac-

90 1223 157 1258 tus
172 1231 186 1257 .·
211 1214 341 1275 priore
366 1209 480 1272 lustro
512 1211 626 1276 censa
643 1212 758 1274 sunt,
799 1215 884 1255 &c.
916 1211 986 1274 fi-

91 1282 223 1343 quenti
263 1286 347 1325 &c.
420 1279 478 1324 Τ.
503 1280 647 1324 Livius
677 1273 839 1323 Annali
876 1294 889 1320 1
909 1295 924 1320 1
944 1296 981 1322 1.

93 1347 233 1411 Cenfits
249 1345 460 1409 peificitur.
496 1345 607 1409 idque
624 1342 780 1404 lustrum
805 1342 854 1389 ab
870 1347 986 1409 origi-

92 1431 141 1460 m
167 1413 274 1460 urbis
298 1413 481 1459 decimum
510 1413 716 1459 conditum.
754 1409 882 1459 Vides
899 1430 986 1458 cen-

78 1482 172 1545 fhm
202 1489 246 1528 &
265 1480 421 1542 lustrum
444 1478 566 1526 scribi
585 1477 780 1537 viciffim,
819 1488 863 1527 δε
887 1478 988 1527 alte-

8 1541 10 1557 ¹
90 1566 192 1596 rum
223 1547 354 1595 altero
387 1543 612 1615 fignifi‘cari
638 1546 753 1595 haud
774 1546 988 1615 inelegan-

92 1632 178 1677 ter..
199 1620 362 1685 Neque
382 1616 500 1665 aliter
526 1618 646 1683 [upra
671 1615 877 1684 loquutus
895 1618 988 1663 Au-

39 1742 50 1746 ‘
92 1685 251 1751 gustus.
299 1689 418 1733 Hinc
449 1685 612 1733 facetum
645 1702 763 1752 puta,
799 1701 848 1732 ut
875 1703 987 1753 quo-

14 1809 15 1820 *
92 1757 167 1799 ties
193 1750 361 1800 festinat
394 1754 649 1809 Historicus,
686 1772 764 1801 nec
794 1772 845 1801 ex
885 1771 989 1819 pro—

93 1817 194 1868 fesso
208 1822 281 1868 ista
298 1838 627 1878 commemorat,
645 1819 880 1869 alterutrius
896 1838 989 1869 tan-

94 1904 190 1936 tum
219 1892 476 1936 meminerit.
503 1887 664 1937 Annali
700 1905 776 1936 iv.
816 1893 988 1936 Livius:

93 1955 224 2021 Ibique
251 1961 313 2015 (in
355 1974 512 2022 campo
539 1959 719 2012 Martio)
748 1958 881 2021 cenfits
905 1962 990 2022 pri·

95 2042 195 2071 mum
231 2025 353 2071 aft'us.
424 2026 576 2072 Annali
612 2042 719 2074 V111.
753 2026 894 2072 Eodem
919 2044 990 2072 an—

19 2114 20 2123 *
91 2100 377 2150 n0(cDXX1.)
407 2096 539 2159 cenfhs
548 2093 673 2149 affus,
692 2098 860 2160 novique
876 2098 988 2141 cives

93 2161 201 2224 censi.
219 2161 345 2208 tribus
358 2175 514 2226 propter
533 2181 594 2208 eos
613 2162 768 2209 additae.
788 2160 918 2217 Alias,
939 2171 984 2210 δε

94 2227 225 2295 vulgo
254 2227 405 2294 paffim
426 2233 613 2277 auctores
642 2248 877 2298 utrumque
908 2234 987 2296 ἐμ,-

97 2297 276 2360 φοίσεως
289 2297 432 2366 χοίφιν
445 2302 731 2366 conjungunt.
747 2299 986 2354 Certe,bre-

95 2367 302 2412 viatorem
332 2370 442 2414 Livii
471 2366 591 2435 quod
614 2371 776 2423 attinet,
809 2364 894 2413 hoc
921 2366 985 2414 so-

98 2427 238 2479 lemne
260 2431 398 2489 habet,
415 2450 462 2481 ut
484 2432 639 2483 nullibi
654 2440 816 2485 civium
832 2454 984 2484 nurne-

98 2515 197 2545 rum
223 2503 370 2547 exacto
391 2501 512 2550 censu
535 2501 753 2560 adscribat,
790 2508 898 2572 quin
919 2502 984 2552 lu-

98 2566 173 2613 stri
212 2567 375 2616 conditi
408 2575 673 2620 mentionem
706 2570 833 2620 simul
877 2573 983 2637 adji-

97 2637 192 2681 ciat.
250 2635 380 2683 Unde
399 2637 525 2702 poffis
545 2640 754 2708 colligere,
790 2640 984 2707 spurium

97 2701 174 2749 effe
216 2720 264 2749 ac
312 2703 535 2752 insititium
565 2709 676 2757 istud
713 2707 844 2758 colon
899 2709 986 2759 sive

98 2768 364 2829 membrum,
402 2792 492 2841 quo
515 2779 679 2826 civium
712 2782 854 2846 capita
886 2783 985 2846 Caess

1028 454 1075 503 id
1100 457 1157 502 est
1174 453 1326 514 dicere,
1362 458 1534 507 nullum
1566 466 1724 510 Romae
1748 462 1921 512 censum

1027 527 1193 580 aestum,
1229 524 1467 575 lustrumve
1496 530 1724 578 conditum
1748 532 1844 596 post
1864 534 1919 579 A.

1029 595 1090 640 U.
1123 597 1178 639 C.
1219 610 1480 644 Detxxxm.
1528 616 1577 646 ut
1614 616 1712 648 ante
1750 605 1921 648 monui.

1031 665 1155 710 Nam
1174 658 1243 708 ille
1271 660 1401 710 sextus
1425 668 1623 732 Augusti,
1660 677 1704 716 &
1732 672 1800 716 M.
1817 673 1928 735 Vip-

1031 728 1131 779 sanii
1178 731 1385 797 Agrippae
1425 731 1627 781 secundus
1670 735 1928 786 Consulatus

1032 798 1183 846 incidit
1210 802 1258 845 in
1295 816 1462 847 annum
1500 817 1701 849 Dcoxxv.
1735 822 1826 871 quo
1859 805 1926 852 su-

1034 884 1112 912 um
1143 866 1252 913 obiit
1293 864 1412 913 diem
1452 884 1588 933 prope
1615 878 1928 936 nonagenarius

1034 938 1340 982 Romanorum
1367 933 1634 983 doetissimus
1658 941 1809 985 Varro.
1858 945 1931 987 In-

1033 1001 1086 1049 de
1113 999 1207 1050 illos
1233 1020 1285 1050 11.
1317 1012 1361 1050 &
1380 1021 1462 1051 XL.
1477 1009 1617 1052 exime
1639 1023 1790 1062 annOS,
1809 1003 1929 1056 dabi-

1033 1086 1101 1118 tur
1128 1075 1316 1118 omnino
1330 1089 1463 1120 annus
1474 1077 1534 1122 U.
1556 1078 1610 1121 C.
1625 1090 1926 1125 Dcrxxxm.

1036 1147 1080 1186 ὃς
1115 1138 1290 1207 Virgilii
1317 1138 1542 1198 natalibus,
1583 1152 1628 1190 &
1663 1147 1809 1208 primo
1839 1150 1927 1194 Cn.

1033 1211 1230 1272 Pompeii
1264 1226 1393 1277 atque
1433 1213 1501 1257 M.
1532 1209 1668 1258 Crassi
1690 1209 1929 1261 Consulatu

1031 1275 1200 1334 nobilis,
1235 1295 1328 1345 quo
1360 1277 1541 1326 lustrum
1576 1298 1600 1326 a
1626 1284 1710 1327 Cn.
1742 1280 1929 1330 Lentulo

1032 1349 1079 1390 δε
1122 1348 1169 1391 L.
1201 1343 1342 1393 Gellio
1384 1345 1644 1396 Censoribus
1682 1347 1927 1407 conditum,

1031 1410 1291 1480 censumque
1312 1413 1476 1461 factum
1523 1420 1700 1463 Liviana
1730 1417 1929 1484 Synopfis

1032 1477 1378 1529 duodevicesima
1391 1501 1660 1540 commonet,
1672 1503 1811 1553 eoque
1825 1504 1930 1534 cum

1033 1549 1267 1611 Ancyrano
1293 1568 1585 1598 monumento
1606 1551 1799 1618 praeclare
1825 1572 1931 1602 con-

1040 1613 1218 1665 cordat.'

1102 1687 1386 1749 Ancyranum
1426 1704 1770 1737 monumentum
1807 1689 1932 1751 (disce

1033 1750 1117 1800 hoc
1154 1753 1306 1812 obiter,
1343 1773 1447 1802 nam
1473 1761 1560 1818 ejus
1587 1755 1739 1822 paffim
1762 1756 1930 1808 hodier-

1035 1825 1080 1868 ni
1110 1826 1259 1870 Critici
1289 1829 1601 1881 meminerunt)
1633 1843 1839 1874 vocamus
1878 1827 1927 1875 li-

1037 1887 1216 1945 bellum,
1262 1909 1334 1938 aut
1372 1897 1517 1957 potius
1556 1892 1745 1940 indicem
1786 1914 1930 1944 rerum

1034 1959 1235 2025 Augusti,
1272 1978 1405 2027 quem
1430 1959 1513 2026 ipse
1536 1960 1787 2019 confecerat,
1826 1966 1928 2012 teste

1035 2029 1243 2074 Suetonio
1297 2045 1349 2074 11.
1379 2027 1490 2077 libro
1527 2047 1733 2085 extremo,
1781 2037 1928 2097 paucis

1032 2092 1178 2142 diebus
1204 2112 1301 2143 ante
1325 2093 1447 2144 suurn
1463 2095 1747 2145 novissimum
1776 2117 1825 2148 ex
1839 2105 1927 2149 Ur-

1033 2160 1085 2209 be
1109 2160 1339 2222 discessum,
1377 2174 1420 2213 &
1448 2170 1568 2229 cujus
1592 2170 1638 2212 in
1662 2170 1784 2214 aeneis
1810 2169 1922 2234 pilis,

1032 2247 1081 2278 ut
1120 2236 1207 2294 ejus
1246 2230 1326 2280 fert
1350 2230 1580 2300 inscriptio,
1621 2238 1778 2284 Romae
1805 2239 1923 2302 post-

1031 2297 1217 2347 modum
1238 2299 1354 2348 incili
1385 2301 1600 2368 exemplar
1625 2304 1843 2368 Ancyrani
1871 2324 1922 2351 oa

1029 2365 1108 2414 lim
1163 2368 1458 2419 studiofiffime
1495 2369 1627 2418 incidi
1666 2390 1843 2440 quoque
1872 2377 1918 2421 in

1028 2435 1187 2484 idoneo
1212 2436 1352 2506 lapide
1381 2457 1640 2498 curaverant,
1656 2444 1789 2507 inque
1810 2458 1919 2488 tem-

1028 2502 1153 2570 plum
1176 2506 1376 2574 Augusti,
1394 2506 1517 2576 quod
1543 2512 1587 2554 in
1609 2507 1678 2555 sua
1698 2509 1801 2556 urbe
1826 2511 1920 2558 An-

1029 2591 1139 2637 cyra,
1177 2574 1352 2624 Galatiae
1393 2594 1489 2623 tum
1519 2580 1722 2641 temporis
1759 2594 1920 2625 metro-

1028 2641 1134 2707 poli,
1175 2647 1212 2690 ei
1248 2642 1485 2710 posuerant,
1523 2641 1743 2691 transferri.
1812 2643 1920 2693 Inde

1029 2714 1159 2778 igitur
1180 2709 1283 2779 χθὲς
1310 2711 1345 2786 ²}
1369 2712 1524 2780 πξώὶω
1551 2712 1625 2758 iste
1650 2708 1777 2758 index
1805 2711 1920 2763 foede

1029 2785 1310 2848 quantumvis
1351 2779 1506 2831 lacerus
1539 2787 1584 2828 ὃς
1618 2776 1765 2828 multis
1793 2788 1923 2848 parti-

1848 2851 1926 2900 bus
