2308 3217
363 145 502 205 IN
606 113 1600 200 PLUTARCHUM.

81 276 248 326 incerta,
281 284 395 336 quam
410 277 486 330 pro'
503 263 732 312 tributorum
745 260 972 326 fltsceperat

82 346 305 410 quantitate
323 337 532 404 solvenda.
573 345 617 384 &
646 333 735 382 haec
763 329 900 381 Suidae
924 333 972 376 in

85 434 193 466 voce
222 408 488 479 z'myejrecprf·
524 410 585 462 ‘O
614 408 641 473 ὃ
676 411 855 474 Kaio-ag
882 401 973 457 Αὕ-

87 490 247 557 9285&
279 486 300 537 ὁ
350 481 658 551 μοναςχήσας,
709 480 855 534 εἴκοσιν
896 477 976 549 οἶνῇ

87 563 199 628 &occ
226 559 309 614 τές
335 558 501 617 daim
527 555 597 609 τᾶν
625 552 767 627 βίονκὲ,
787 547 975 620 τὸντξέ-

91 654 168 686 πον
210 623 577 697 θῆτλεὲάμῇὢύ,
607 625 693 682 ff
723 629 878 680 πᾶσαν
903 622 975 704 ⁷¹2⁹

89 703 192 774 ᾁκῖιῦ
216 708 298 759 τῶν
323 702 509 760 ὑπηκόων
547 697 804 766 ὔξέπεμψε,
840 698 895 751 δι’
923 703 977 749 ὠν

88 775 382 845 Χηυγρριφοὲς
403 773 633 830 ἐποιήσατο
648 777 778 827 ‘mirre
802 768 979 839 οίνθξῶ-

91 872 192 908 πων,
253 848 288 921 ιζ,
328 852 409 901 τῶν
443 849 590 907 zio-ach,
641 845 838 914 αύτοίςκη
881 840 979 897 raud

95 921 364 994 πρρο-τοίξας
377 914 434 971 ‘nel'
447 919 635 988 δημοσίῳ
655 917 883 987 μοῖρρινέκκ
903 915 982 969 τέ-

96 1017 174 1049 των
202 994 428 1061 εἱςφὲξεοθς.
500 995 598 1039 Nec
621 995 738 1037 enim
767 986 912 1036 Suidas
935 998 979 1038 &

97 1065 371 1116 Cassiodorus
401 1082 567 1130 tempus
592 1061 716 1123 hujus
744 1059 985 1126 descriptio-

98 1140 162 1183 nis
186 1132 480 1200 expresserunt,
517 1147 564 1176 ut
587 1148 637 1176 ex
666 1147 817 1176 eorum
845 1128 984 1175 verbis

99 1209 197 1270 cogi
224 1219 314 1248 non
349 1198 492 1266 possit,
528 1195 701 1245 illamne
740 1200 798 1243 D.
842 1200 984 1252 Lucae,

100 1287 156 1316 an
178 1273 346 1325 DioniS,
379 1285 476 1334 quae
516 1263 662 1311 multis
699 1268 818 1311 annis
846 1264 989 1329 poste-

103 1342 203 1393 rior,
236 1333 532 1403 megysplu.)
561 1329 851 1380 intellexerint.

174 1407 385 1452 Dioniam
410 1406 551 1466 potius
582 1404 626 1447 in
660 1415 805 1446 mente
829 1396 994 1448 habuis-

105 1471 157 1529 se,
192 1469 358 1520 suadeat
383 1468 452 1517 illa
490 1466 632 1516 diserta
669 1470 834 1516 mentio
860 1465 996 1515 tribu-

108 1558 253 1589 torum
299 1557 372 1605 per
410 1555 506 1584 eam
543 1533 869 1602 descriptionem
910 1539 998 1582 exi-

109 1607 370 1676 gendmum,
406 1624 541 1674 quam
587 1613 630 1652 &
669 1622 719 1651 ex
752 1603 900 1652 reffam
925 1602 1000 1652 ha-

111 1678 184 1724 bet
218 1680 307 1723 Dio
335 1675 495 1723 Cassius
532 1671 686 1720 eodem
720 1621 831 1720 libro
865 1689 1000 1740 quem

112 1744 225 1793 dixi:
261 1761 364 1791 nam
399 1741 515 1808 apud
550 1739 864 1808 Evangelistam
911 1739 1002 1788 talis

114 1815 346 1860 exatstionis
376 1812 606 1877 vestigium
628 1808 801 1856 nullum
826 1825 1003 1875 compa-

115 1897 189 1928 ret.
262 1882 407 1946 Atque
445 1876 538 1926 sane
563 1880 652 1939 jam
691 1873 910 1944 plerosque
936 1880 1004 1922 in-

116 1946 232 1995 ceffit
257 1946 446 2011 suspicio,
482 1944 731 2012 Augustum
754 1942 871 1991 illam
891 1947 1007 2010 prio-

117 2033 210 2063 rem
243 2013 455 2062 instituisse
494 2015 580 2065 >lm
623 2012 801 2080 qoecploe,
836 2029 928 2059 non
955 2027 1006 2058 ut

119 2087 315 2149 pecunias
341 2086 537 2149 exigeret,
591 2097 681 2127 1cut
705 2084 751 2127 in
775 2080 1006 2147 posteriore

119 2152 284 2201 factum
308 2147 475 2205 scimus,
511 2144 578 2195 sed
607 2147 809 2197 duntaxat
836 2165 884 2195 ut
910 2165 1008 2194 om-

123 2238 195 2267 nes
234 2235 324 2266 tam
355 2215 557 2274 subditos,
593 2234 729 2285 quam
758 2233 909 2264 eorum
949 2213 1009 2263 fa-

125 2285 293 2335 cultates
321 2305 369 2335 ac
396 2302 644 2352 proventUS,
674 2288 933 2351 Imperiique
945 2287 1010 2333 vi-

128 2373 188 2402 res
211 2353 490 2422 cognosceret.
575 2357 673 2400 Hac
712 2357 840 2420 igitur
877 2350 930 2399 de
968 2371 1011 2399 re

127 2420 307 2487 amplius
330 2420 479 2470 eruditi
504 2438 691 2491 quaerere
715 2439 806 2469 non
821 2423 1013 2467 immeri-

130 2507 178 2536 to
202 2490 385 2555 possunt,
451 2493 575 2537 Nam
601 2486 656 2536 ad
684 2485 729 2536 id
769 2487 892 2557 quod
924 2493 1014 2557 agi-

132 2574 244 2613 mus,
278 2555 381 2604 nihil
410 2562 592 2605 omnino
617 2562 808 2624 pertinet.

203 2623 338 2687 Qod
363 2641 505 2672 autem
526 2624 755 2674 indicando
794 2622 1016 2673 censorum

136 2696 326 2758 capitum
364 2710 547 2740 numero
583 2691 757 2742 Suidam
790 2697 887 2740 Viri
922 2709 1018 2741 ante

135 2757 291 2808 laudati
330 2756 561 2817 adducunt,
613 2779 751 2830 neque
792 2760 1016 2819 damnant,

1794 148 1904 206 519

1022 248 1107 297 hoc
1131 251 1209 297 effe
1234 251 1559 318 ταχυπριθείας
1585 260 1628 299 &
1652 254 1795 299 nimiae
1820 269 1909 299 cre⁶

1021 315 1208 364 dulitatis
1231 335 1321 365 reos
1334 316 1408 366 sese
1433 335 1641 386 peragere,
1654 335 1907 385 quanquam

1020 404 1072 432 ex
1113 389 1160 432 iis
1194 403 1291 454 quae
1328 383 1459 451 paulo
1502 385 1621 452 supra
1669 383 1904 440 retulimus,

1021 471 1114 501 non
1158 470 1313 518 parum
1351 459 1440 516 jam
1480 452 1654 522 liqueat,
1689 460 1732 499 δε
1772 450 1909 500 ἀοᾶἱε

1021 518 1269 568 hominibus
1295 519 1402 569 illud
1431 519 1481 569 sit
1520 521 1688 588 pridem
1716 516 1912 571 animad-

1022 587 1214 636 versum.-
1235 594 1338 655 quia
1359 607 1504 636 tamen
1535 591 1594 636 est
1619 587 1710 636 haec
1732 588 1912 657 quaestio

1024 654 1295 711 nobiliffima,
1334 664 1378 703 &
1401 661 1439 702 ei
1463 656 1629 704 summa
1653 675 1757 703 cum
1782 675 1849 713 eo,
1864 661 1912 704 in

1026 744 1118 793 quo
1145 722 1366 780 versamur,
1412 725 1641 789 ὁμολογία.
1673 733 1717 771 &
1756 742 1914 772 conve-

1027 797 1187 841 nientia
1214 789 1450 846 intercedit,
1487 808 1582 837 eam
1621 791 1765 837 denuo
1789 790 1842 837 ad
1866 810 1918 838 o-

1028 859 1210 907 brussam
1236 863 1420 909 veritatis
1459 861 1683 925 exigimus,
1719 875 1921 904 momen-

1028 944 1162 996 toque
1184 926 1259 974 suo
1282 925 1583 992 ponderamus,
1620 927 1688 972 Ac
1724 929 1922 990 primum

1031 995 1211 1063 quidem
1247 992 1425 1042 Suidam
1461 992 1717 1061 plerumque
1743 990 1923 1041 Arcadi-

1032 1081 1137 1110 cum
1164 1062 1299 1129 sapere
1338 1079 1467 1130 atque
1505 1061 1746 1116 Midinum,
1785 1059 1923 1110 multa

1034 1129 1155 1178 nullo
1178 1128 1341 1193 judicio
1365 1149 1550 1199 curaque
1576 1134 1620 1177 in
1650 1130 1773 1176 suum
1804 1133 1928 1176 Lexi-

1035 1218 1121 1247 con
1145 1200 1198 1247 ab
1227 1197 1314 1246 aliis
1344 1199 1587 1247 aue’toribus
1609 1201 1803 1262 optimis,
1838 1194 1931 1264 pesL

1037 1265 1153 1315 simis
1180 1264 1438 1323 transtulisse,
1473 1264 1691 1332 suppressis
1728 1262 1814 1312 fere
1848 1282 1931 1311 no-

1038 1334 1243 1393 minibus,
1278 1339 1475 1402 ignorare
1517 1352 1609 1382 non
1638 1337 1781 1400 potuit
1816 1331 1933 1380 sumss

1040 1420 1137 1450 mus
1167 1402 1405 1451 eruditione
1444 1420 1493 1449 ac
1533 1405 1708 1469 ingenio
1745 1399 1828 1467 ipse
1862 1399 1932 1447 ille

1043 1474 1261 1518 Batonius.
1334 1475 1560 1531 Conjicere
1615 1488 1706 1517 non
1761 1467 1936 1516 difficile

1042 1536 1141 1594 fuit,
1176 1536 1461 1603 supradictum
1486 1554 1721 1584 numerum
1758 1533 1937 1582 Suidam

1046 1625 1096 1654 ex
1137 1605 1374 1653 Eusebiano
1401 1602 1625 1653 Chronico
1668 1602 1758 1663 (etsi
1785 1600 1937 1670 paulis-

1049 1692 1123 1742 per
1142 1671 1391 1740 discrepant)
1431 1671 1640 1739 accepisse,
1674 1689 1747 1720 aut
1769 1691 1818 1719 ex
1854 1670 1939 1719 alio

1049 1740 1213 1810 aliqu0‚
1250 1746 1327 1810 qui
1359 1744 1476 1808 prior
1505 1740 1603 1788 inde
1634 1737 1938 1805 desumpserat:

1052 1820 1097 1859 δε
1124 1828 1198 1876 per
1218 1806 1473 1877 singularem
1502 1812 1830 1875 incogitantiam
1844 1825 1943 1853 om-

1051 1882 1121 1926 nia
1146 1882 1275 1924 torius
1305 1882 1480 1943 Imperii
1507 1881 1644 1942 capita
1680 1895 1732 1923 eo
1759 1893 1943 1923 numero

1051 1943 1361 2011 comprehendi
1387 1944 1605 2011 putavisse,
1624 1962 1715 2013 quo
1743 1943 1944 1991 Eusebius

1053 2012 1262 2061 duntaxat
1295 2018 1437 2072 (venia
1472 2017 1698 2061 Baroniani
1726 2015 1949 2076 Epitoma-

1053 2086 1168 2140 toris,
1202 2086 1280 2149 qui
1312 2080 1541 2128 Eusebium
1564 2098 1666 2129 cum
1690 2077 1819 2127 Suida
1843 2098 1949 2128 eun-

1055 2146 1170 2205 dem,
1206 2148 1291 2197 hoc
1332 2150 1407 2206 est,
1445 2148 1578 2196 Orbis
1625 2152 1754 2196 totius
1798 2145 1948 2196 referre

1057 2216 1230 2265 censum
1268 2215 1436 2267 videtur
1463 2216 1722 2272 existimasse)
1755 2234 1952 2282 compre-

1056 2283 1256 2335 henderat
1289 2304 1376 2342 eos,
1413 2303 1603 2354 quorum
1654 2289 1808 2333 Romae
1839 2283 1950 2330 facia

1057 2354 1191 2402 fuerat
1234 2352 1467 2421 descriptio,
1506 2362 1549 2400 &
1588 2353 1728 2399 noster
1766 2353 1947 2414 Ancyrae

1059 2421 1219 2489 positus
1242 2421 1344 2488 lapis
1367 2420 1413 2469 id
1435 2419 1654 2469 clarissime
1667 2420 1948 2485 pervincebat.

1060 2489 1232 2558 Absque
1260 2489 1345 2538 hoc
1368 2507 1513 2538 autem
1546 2498 1589 2537 &
1618 2484 1692 2534 illo
1710 2485 1953 2535 Eusebiilo-

1061 2577 1115 2607 co
1145 2558 1254 2616 effer,
1291 2559 1358 2607 vel
1382 2556 1651 2605 mediocriter
1685 2553 1850 2609 eruditi,
1877 2572 1952 2601 ne-

1062 2626 1171 2675 dum
1198 2629 1220 2680 <3
1241 2627 1357 2681 πάνυ
1385 2624 1520 2674 (Σιείὲῐ
1541 2627 1758 2678 Batonius,
1780 2620 1954 2670 aliunde

1063 2695 1330 2744 oscitantiam
1357 2691 1493 2743 Suidae
1518 2710 1567 2739 ac
1592 2688 1860 2756 supinitatem
1883 2687 1956 2737 de-

1066 2763 1418 2813 monstravissent.
1506 2760 1592 2807 Sub
1621 2757 1853 2808 Caesaribus
1891 2776 1962 2804 or-

1248 2835 1296 2880 U
1316 2848 1345 2878 u
1361 2849 1390 2878 u
1429 2849 1454 2876 2
1865 2825 1966 2872 beni
