2308 3217
341 141 451 219 528

333 282 449 333 quam
461 261 704 331 foecunditas
725 262 842 308 uteri.
895 256 1028 307 Libro
1055 254 1111 306 de
1140 254 1240 306 Fide

336 341 383 383 ὅς
409 330 630 400 Operibus
648 347 742 396 cap.
770 342 861 378 VII.
897 334 946 375 In
961 331 1138 376 civitate
1159 333 1241 375 Do-

335 406 444 459 mini,
481 405 523 449 in
547 413 673 448 monte
690 397 833 466 simffo
861 405 960 463 eJ‘us,
997 396 1067 444 hoc
1092 396 1161 462 est,
1196 399 1239 443 in

335 472 521 536 Ewlefia,
567 472 790 534 nuptiarum
826 484 903 516 non
924 466 1054 532 fhlum
1093 469 1241 513 ‹vincu-

333 541 426 597 lum,
461 541 720 589 ‘verumetiam
731 537 1025 602 sacramentum
1047 537 1110 582 ita
1136 554 1238 582 com-

335 610 555 666 mendatur,
590 619 636 654 ut
675 623 751 653 non
791 606 910 653 liceat
943 607 1039 652 viro
1081 622 1239 652 uxorem

324 680 445 745 suem
485 678 604 726 alteri
638 675 822 724 tradere:
867 674 974 741 quod
1002 677 1045 721 in
1078 673 1236 738 Republ.

334 760 431 796 tunc
453 752 630 794 Romana
654 763 731 794 non
741 745 870 812 solum
894 746 1044 791 minime
1068 742 1240 807 culpabi-

333 817 442 874 liter,
477 818 738 864 verumetiam
768 812 1017 862 laudabiliter
1046 817 1141 860 Cato
1168 812 1239 880 fc-

336 885 421 950 ciffi
439 884 679 952 perhibetur.

407 963 593 1013 Videtur
609 962 803 1011 summus
824 957 980 1008 doetor
994 955 1116 1016 velle,
1127 960 1240 1008 stan-

334 1049 376 1083 te
406 1031 593 1101 Republ.
626 1026 784 1078 licuisse
802 1045 939 1085 more,
954 1046 1003 1076 ac
1026 1025 1150 1076 nullo
1175 1032 1242 1076 vi-

333 1107 397 1152 tio
431 1101 517 1151 s1ve
548 1098 731 1167 probro,
775 1114 928 1145 uxores
953 1093 1068 1154 dare,
1104 1095 1243 1145 sume-

333 1188 469 1240 reque
496 1168 695 1219 usurarias
720 1175 765 1215 &
794 1170 1075 1216 mutuatitias.
1133 1170 1241 1214 Sane

335 1237 390 1288 de
417 1256 558 1290 vetere
595 1243 743 1288 Roma
776 1234 1116 1285 constantissime
1156 1234 1241 1285 hoc

335 1309 522 1359 affirmat
561 1311 711 1357 audior
746 1303 1015 1373 gravissimus
1051 1313 1097 1354 &
1132 1309 1242 1354 anti-

333 1396 448 1448 quus
477 1378 644 1434 StrabO,
676 1384 722 1424 δε
749 1379 809 1424 ait
835 1373 947 1423 libro
970 1389 1070 1423 ante
1093 1372 1242 1422 lauda-

334 1465 382 1497 to
416 1451 485 1497 M.
528 1452 779 1502 Catonem,
843 1443 965 1493 suam
1006 1441 1242 1492 Hortenfio

333 1522 573 1589 conjugem
611 1512 832 1563 elocaviffe
875 1512 1003 1568 κριτοὶ
1041 1512 1242 1567 mmccciv

333 1594 477 1649 ²43&u
549 1594 662 1638 Haec
704 1585 736 1635 fi
771 1584 978 1655 legissent,
1024 1602 1099 1633 aut
1132 1602 1242 1634 certe

333 1658 640 1715 meminissent,
672 1655 863 1706 Bodinus
890 1663 935 1703 δε
960 1653 1242 1704 Anton.Pos-

332 1727 516 1786 sevinus,
569 1725 698 1777 credo
735 1725 789 1773 ab
828 1720 1093 1791 inculpando
1140 1722 1242 1773 Plu-

333 1797 485 1849 tarcho
507 1802 658 1865 utique
679 1793 986 1850 abstinuissent,
1003 1792 1169 1842 etiamsi
1200 1814 1243 1843 e-

333 1868 462 1917 adem
487 1885 585 1936 quae
615 1864 785 1920 StrabO,
799 1859 853 1910 de
879 1860 965 1910 hoc
993 1880 1116 1911 more
1140 1880 1242 1930 pro-

337 1935 515 1986 didisset.
591 1933 672 1982 Sed
697 1936 940 1988 enimvero,
979 1929 1011 1978 si
1037 1930 1146 2002 quid
1174 1935 1242 1980 in-

334 2003 519 2074 telligere
543 2002 731 2071 possum,
762 1998 810 2048 id
835 1997 974 2049 dicere
999 2018 1055 2047 ne
1078 2005 1244 2068 cogita-

335 2080 400 2124 vit
435 2071 630 2143 quidem.
714 2071 884 2128 Scribit,
935 2068 1242 2128 Hortensium,

339 2147 522 2193 Catonis
547 2158 745 2197 uxorem,
760 2138 837 2188 fibi
865 2137 1142 2188 commodari
1168 2138 1245 2188 fla-

337 2217 567 2281 gitantem,
585 2228 678 2258 non
708 2208 892 2278 quidem
921 2206 1130 2276 repulsam
1153 2206 1245 2276 pas-

337 2281 434 2332 sum
460 2279 559 2340 esse;
584 2296 738 2328 verum
767 2276 814 2325 id
843 2295 922 2325 ceu
949 2281 1029 2327 rari
1056 2275 1245 2345 exempli

336 2364 676 2405 commemorat,
725 2353 772 2396 &
813 2363 935 2395 notat
978 2347 1175 2414 expresse,
1219 2366 1245 2396 a

344 2426 513 2469 Catone
546 2436 641 2467 non
668 2415 909 2465 concessam
938 2420 1070 2483 prius,
1107 2434 1244 2486 quam

340 2489 560 2555 Philippus
595 2490 764 2536 Martiae
809 2501 929 2552 pater
968 2483 1020 2533 fit
1064 2504 1156 2555 quo
1191 2504 1245 2535 ue

340 2557 527 2607 assensus,
614 2553 740 2616 Qid
782 2552 906 2622 quod
954 2570 1052 2602 ante
1093 2505 1241 2621 patilo,

603 138 731 223 JO.
779 134 1162 198 RUALDI
1226 130 1901 195 ANIMADVERS.

1287 260 1571 324 permit-teret,
1586 255 1883 305 restituturum
1901 251 1939 303 se
1974 253 2194 322 pollicitus

1288 323 1431 374 eidem
1473 322 1647 382 Bibulo,
1684 325 1920 393 postquam
1945 343 1994 372 ex
2020 343 2067 373 ea
2092 342 2194 394 pro.

1287 391 1377 443 lem
1411 393 1668 461 suscepisset:
1704 392 1789 460 ipse
1831 391 2081 442 Plutarchus
2126 394 2193 445 di-

1287 462 1397 512 sertis
1419 464 1558 514 verbis
1602 479 1726 511 notat
1765 466 1987 511 Catonern
2022 462 2194 531 respon..

1288 532 1400 590 disse,
1441 534 1499 590 ῶς
1535 531 1769 602 (Οξτήο-ιον
1801 528 1882 599 yfir)
1917 532 2115 604 αἶγαπᾷ,
2153 533 2191 610 »ᾗ

1288 605 1522 675 δοκιμάζει
1551 605 1731 660 κοινωνδν
1766 603 2046 662 οἶκαότητΰή
2086 607 2219 662 οἶτο-χ

1288 678 1411 746 norff
1434 681 1613 748 ἡγεῖται
1643 681 1804 742 munes
1825 677 1966 746 λόγον
1989 678 2085 735 w&
2098 681 2193 748 ‘ynes-

1288 776 1370 821 μον
1395 755 1655 826 &varai-39³4,
1676 753 1799 824 ἑτέξῳ
1828 747 2069 823 &adop-litine-
2100 755 2195 804 Ab·-

1287 825 1465 876 surdum
1508 834 1640 887 Cat0,
1679 825 1831 896 legum
1870 836 1916 876 &
1947 832 2080 877 moris
2120 846 2195 897 pa·-

1288 901 1356 944 trii
1372 895 1780 955 observantissimuS,
1816 896 1970 954 censet,
2007 916 2192 949 uxorem

1289 963 1521 1015 usurariam
1575 965 1711 1016 sumi:
1756 966 1842 1017 hoc
1895 963 2043 1024 audit,
2107 965 2193 1017 hoc

1288 1034 1438 1099 prodit
1466 1035 1732 1087 Plutarchus.
1807 1038 1919 1086 Non
1959 1040 2094 1104 igitur
2126 1040 2194 1105 ip-

1289 1101 1384 1150 sum
1435 1108 1483 1153 in
1535 1105 1641 1155 urbe
1693 1111 1842 1154 Roma
1909 1102 2099 1156 solemne
2145 1126 2195 1157 ac

1289 1169 1537 1240 legitimum
1563 1174 1682 1223 fuiffe
1710 1172 1903 1231 credidit,
1951 1192 2042 1223 non
2082 1193 2195 1225 certe

1289 1237 1417 1289 literis
1467 1246 1527 1291 ita
1571 1242 1854 1311 consignavit.
1937 1247 2050 1292 Non
2087 1249 2196 1293 item

1289 1308 1375 1358 hoc
1400 1309 1508 1359 dixit
1533 1312 1778 1377 Appianus,
1814 1326 1966 1359 contra
1993 1329 2043 1359 ac
2072 1311 2196 1379 supra

1288 1376 1466 1427 laudato
1495 1378 1671 1429 Bodino
1692 1384 1738 1428 in
1765 1378 1987 1429 Methodo
2009 1381 2196 1432 Histori-

1290 1465 1343 1495 ca
1369 1445 1525 1498 visum.
1821 1450 1825 1452 ’
2193 1448 2197 1450 ’

1358 1518 1434 1565 An
1459 1535 1565 1566 vero
1588 1514 1728 1566 dicere
1756 1515 2012 1588 credereque
2033 1517 2077 1568 hi
2102 1526 2197 1572 am?

1289 1585 1364 1644 bo,
1402 1584 1668 1645 PlutarchUS,
1703 1592 1904 1657 inquam,
1950 1597 1996 1636 &
2032 1590 2196 1657 Appia-

1289 1673 1388 1713 nus,
1428 1674 1534 1705 cum
1553 1656 1777 1714 Strabone,
1805 1657 1850 1706 id
1881 1674 2017 1704 necne
2038 1657 2195 1709 debue-

1289 1728 1390 1783 rint,
1421 1723 1538 1776 haud
1558 1725 1650 1775 satis
1674 1723 1772 1774 scio.
1846 1724 1982 1795 Apud
2004 1726 2196 1779 Lacedae-

1290 1799 1467 1844 monios
1495 1814 1592 1845 eam
1635 1794 1866 1844 obtinuisse
1921 1794 2194 1846 consuetudi-

1289 1881 1394 1912 nem
1409 1884 1458 1913 ac
1478 1864 1637 1932 legem,
1661 1870 1792 1912 etiam
1804 1863 1911 1931 lippi
1928 1863 2196 1935 tonsoresclue

1289 1929 1439 1981 sciunt.
1471 1937 1542 1980 De
1567 1936 1750 2000 Tapyris
1783 1949 1910 2001 gente
1937 1931 2197 1985 Parthorum

1290 2018 1431 2050 narrat
1456 2000 1529 2050 lib.
1559 2019 1620 2052 xi.
1646 2000 1947 2069 Geographus,
1963 1998 2055 2070 lege
2079 2002 2196 2071 apud

1292 2088 1364 2119 eos
1402 2088 1627 2138 receptum
1660 2070 1794 2128 fuisse,
1844 2087 1891 2119 ut
1927 2088 2078 2120 uxores
2108 2071 2196 2123 suas

1291 2138 1379 2188 aliis
1414 2144 1512 2189 viris
1537 2139 1764 2197 elocarent,
1800 2140 2036 2210 postquam
2051 2140 2128 2206 ipsi
2145 2161 2196 2192 ex

1290 2212 1339 2258 iis
1366 2208 1476 2258 duos
1508 2226 1584 2258 aut
1620 2227 1699 2258 tres
1742 2208 1894 2257 liberos
1934 2207 2192 2261 sustulissent.

1291 2283 1363 2328 De
1390 2278 1651 2328 Hebudibus
1674 2275 1856 2326 scribens
1884 2275 2069 2337 SolinUS,
2086 2285 2195 2349 Regi

1291 2364 1422 2416 negat
1448 2366 1631 2397 uxorem
1656 2347 1732 2396 effe
1757 2345 1893 2404 suam,
1928 2344 1998 2396 sed
2027 2347 2197 2417 usurpa-⁷

1291 2421 1436 2465 titiam
1477 2425 1523 2468 &
1560 2434 1721 2466 mutuo
1748 2414 1982 2484 sumptam.
2051 2420 2195 2476 Nulla,

1290 2490 1448 2555 inquit,
1485 2488 1606 2535 datur
1630 2487 1795 2552 flemina
1828 2489 2002 2552 propria,
2029 2487 2109 2552 sed
2124 2502 2196 2553 per

1291 2554 1578 2618 ‘viciffltudines
1624 2559 1667 2602 in
1711 2573 1949 2622 quacumque
1993 2569 2197 2603 commotus

339 2646 446 2677 cum
475 2623 593 2674 idem
635 2620 893 2672 Hortensius
916 2625 1032 2689 prius
1059 2623 1245 2692 rogavis-
1279 2624 1428 2692 fuerit,
1466 2625 1829 2690 usurariamsumit,
1901 2627 2044 2672 Etiam
2067 2621 2195 2672 hodie

338 2696 393 2745 set
412 2703 647 2750 Catonem,
664 2709 713 2740 ut
738 2689 876 2740 filiam
904 2690 1243 2750 suamPortiam,
1291 2698 1339 2742 in
1363 2690 1558 2742 Calecuti
1577 2711 1725 2760 regno,
1743 2690 1775 2740 si
1811 2697 2050 2740 neotericos
2073 2691 2195 2760 scrip-

335 2785 433 2835 quae
456 2761 612 2813 Bibulo
642 2760 853 2829 nupserat,
894 2769 941 2809 &
981 2758 1092 2809 duos
1119 2766 1159 2810 ei
1190 2761 1243 2810 fi-

333 2833 414 2885 lios
451 2839 543 2899 jam
585 2847 820 2899 pepererat,
856 2827 936 2881 fibi
970 2828 1245 2900 aliquamdiu

1293 2779 1403 2811 tores
1440 2759 1680 2818 audiamus,
1718 2766 1828 2819 Rex,
1876 2780 2012 2830 quem
2048 2760 2194 2829 lingua

1291 2829 1518 2883 vernacula
1550 2834 1726 2888 Samari,
1764 2829 1851 2883 hoc
1893 2831 1967 2891 est,
2000 2832 2194 2898 firminum

2071 2904 2194 2965 Imp&
