2308 3217
402 130 540 188 IN
632 122 981 184 PLUT

108 253 247 321 μαίων
291 250 385 306 w&
416 247 707 317 τξισκαὶδδεκα
754 243 992 314 augendae·

108 323 299 374 Observa
322 326 463 377 etiam,
499 318 743 385 puberibus,
777 323 871 365 imo
912 333 997 382 pu-

109 392 266 442 bescere
304 387 620 456 incipientibus,
667 385 712 435 id
751 387 832 444 est,
877 387 996 432 annis

110 460 268 526 ssptem
314 467 358 506 &
400 456 548 504 decem
572 454 827 519 junioribu3,
863 471 999 502 vetere

109 527 370 594 angustaque
418 525 586 591 Repub.
644 525 772 572 castra
810 520 994 589 patuiffe.

111 599 317 662 Vegetius
354 592 427 642 lib.
457 611 488 641 1.
515 611 606 660 cap.
631 609 700 641 lv.
762 595 805 638 Si
837 594 999 656 antiqua

111 663 338 728 confhetudo
354 661 564 727 servanda
576 660 652 724 fit,
671 663 912 724 incipientem
929 673 1002 723 pu-

112 730 300 778 bertatem
335 730 389 775 ad
422 729 605 776 deleitum
641 728 846 794 cogendam
875 727 1002 774 nullus

111 801 278 865 ignorat.
349 794 471 843 Silius
495 794 664 845 Italicus
690 813 745 843 11.
775 793 907 843 libro:

143 900 324 966 Pubescit
346 901 453 947 miles
480 899 630 965 castris,
658 900 846 965 galeaque
870 910 1003 944 terun-

259 982 327 1015 tur

146 1037 329 1084 Nondum
339 1038 509 1103 fignatae
523 1034 646 1098 flava
669 1034 848 1098 lanugine
878 1031 999 1078 malae.

112 1137 236 1188 Idem
273 1134 601 1186 Halicarnasseus
642 1133 715 1182 lib.
763 1151 835 1185 IX.
871 1134 1003 1182 Afius

114 1209 247 1270 cenfiaes
277 1206 337 1252 his
360 1206 450 1270 Coff,
477 1201 745 1262 (A.Manli0,
783 1207 832 1248 L.
861 1206 1002 1258 Furio,

115 1277 175 1322 U.
213 1278 277 1320 C..
304 1275 358 1320 A.
399 1277 647 1325 cetxxx.)
693 1274 824 1325 Cives,
871 1273 1005 1335 quise

118 1359 203 1388 cum
222 1339 351 1404 opibus
364 1342 452 1405 suis
487 1357 534 1385 ac
553 1337 653 1401 filiis
675 1336 878 1404 puberibus
916 1355 1005 1383 cen-

109 1408 253 1474 findas
290 1406 524 1463 obtulerunt,
574 1409 716 1470 reperti
760 1407 861 1470 sunt
890 1406 1008 1469 paulo

110 1477 242 1541 plures
264 1491 370 1523 0111.
405 1475 579 1523 millibus.
652 1475 751 1522 Nec
776 1470 871 1520 ferev
893 1470 1009 1520 aliter

119 1542 189 1591 hic
212 1544 464 1590 Historicus.
528 1540 733 1590 Tenebrae
758 1540 857 1589 inde
882 1541 1011 1588 obor-

123 1627 174 1659 tae
201 1608 434 1679 aliquando
459 1612 515 1658 T.
531 1614 667 1666 Livio,
683 1608 805 1678 quod
831 1613 907 1678 qui
935 1627 1012 1657 an-

122 1696 165 1727 te
189 1676 317 1727 illum
338 1676 591 1745 scripserant,
607 1695 706 1725 non
726 1676 819 1725 satis
839 1678 1013 1726 distinc-

122 1763 165 1794 te
213 1745 260 1794 id
306 1747 570 1794 notaviffent.
653 1747 805 1802 Millia,
851 1750 1010 1814 inquit,

123 1831 286 1862 LXXX.
312 1834 354 1861 eo
374 1816 489 1878 lustro
514 1818 663 1862 civium
683 1816 796 1878 censii
813 1814 1009 1861 dicuntur.

123 1883 281 1945 Adjicit
299 1883 535 1947 scriptorum
565 1881 841 1947 antiquiffimus
872 1881 1013 1928 Fabius

125 1950 267 2008 Ρίἑῖον,
299 1968 439 2006 eorum,
474 1954 541 2014 qui
566 1950 678 2015 ferre
712 1966 823 1995 arma
850 1950 1009 2014 poffent,

123 2035 206 2064 eum
229 2036 420 2064 numerum
444 2017 572 2083 futffe.
643 2020 790 2064 Locus
820 2018 879 2064 est
906 2034 937 2064 1.
965 2014 1015 2064 li-

125 2084 203 2133 bro
231 2086 518 2134 Historiarum
547 2084 600 2132 ab
631 2085 732 2132 urbe
759 2084 943 2133 condita.

193 2157 256 2201 Ex
282 2151 368 2200 hac.
388 2152 676 2201 observatione
701 2152 828 2219 poffis
861 2150 1012 2201 diffen-

126 2225 269 2269 tientes
307 2221 520 2287 scriptores
555 2218 773 2270 interdum
812 2219 1013 2269 concilia-

127 2308 183 2344 re,
219 2289 424 2358 pluraque
449 2307 529 2338 aut·
548 2293 749 2356 pauciora
782 2306 917 2357 quam
962 2288 1012 2337 fit

128 2354 345 2413 credibile,
362 2355 496 2406 millia
523 2354 752 2423 prodentes,
775 2374 1012 2426 utcumque

129 2422 359 2471 defendere.
405 2424 629 2474 Cornelius
648 2426 824 2473 Tacitus
854 2424 1013 2473 Annali

134 2508 204 2537 x1.
243 2493 414 2539 Condidit
449 2494 602 2555 lustrum
634 2494 813 2541 Claudius
846 2501 1013 2559 Impera—

132 2572 195 2604 tor
220 2561 289 2616 (A.
306 2562 362 2606 U.
382 2565 434 2605 C.
461 2577 632 2609 DCCCL
650 2558 809 2610 Christi
829 2565 1014 2610 Domini

134 2629 200 2681 L.)
223 2645 294 2690 quo
321 2628 431 2690 censa
450 2630 547 2693 sunt
568 2633 715 2676 civium
752 2646 897 2681 LXIX.
925 2649 1014 2676 cen-

133 2707 239 2748 tena,
287 2696 346 2747 &
373 2710 512 2742 LXIV.
540 2698 669 2745 millia.
741 2695 1016 2746 Chronicum

136 2760 417 2810 Eusebianum
443 2765 647 2814 Graecum
667 2762 848 2816 eandem
873 2764 1019 2817 censu-

1032 120 1616 186 ARCHUM.
1817 144 1936 202 52:3³.

1042 259 1133 289 ram
1160 260 1343 290 nurnero
1380 262 1570 308 Merr.
1619 263 1764 306 notat,
1790 247 1945 298 referta·
1970 270 1972 272 ’

1041 328 1141 377 que,
1178 310 1433 374 praedistum
1461 317 1782 380 Imperatorem,
1818 321 1945 373 αζναι..

1043 377 1245 447 ’γρρέψοιι
1281 380 1361 436 τές
1394 381 1581 439 πολίτας
1605 382 1773 451 Ῥώμης
1807 409 1945 455 μυξμἼ

1044 446 1167 502 σίδας
1198 450 1326 515 >gs-3⁸„
1355 447 1389 521 ιζ,
1419 471 1479 516 ecl,
1522 450 1645 519 quod
1685 454 1744 500 est
1784 458 1934 504 Latine

1045 512 1196 569 dicere,
1218 515 1559 585 undeseptuagies
1579 538 1768 577 centena,
1793 540 1934 571 unum

1047 590 1092 632 δε
1119 581 1399 650 quadraginta
1425 585 1574 643 millia,
1588 587 1825 636 discrimine
1840 609 1937 657 par-

1047 670 1117 700 VO.
1188 652 1384 717 Augetur
1413 659 1752 719 Hieronymiana
1784 657 1939 707 versio-

1048 738 1116 778 ne,
1151 736 1247 787 quae
1275 735 1447 766 tantum
1475 720 1603 769 habet
1631 743 1811 773 vam.
1840 746 1951 775 cen-a-

1051 803 1162 844 rena,
1202 803 1339 836 XLIV.
1368 786 1500 835 milla.
1571 794 1640 836 De
1670 792 1753 839 hoc
1782 793 1939 843 eodem

1051 855 1174 903 censu
1202 859 1325 921 Lapis
1356 873 1502 903 vetus:
1539 859 1772 922 Temporibus
1793 863 1941 910 Claudii

1050 922 1187 971 Tiberii
1201 923 1322 987 suffia
1347 923 1534 971 hominum
1567 930 1794 992 armigerum
1822 929 1942 990 ‹sten-

1037 990 1147 1053 stone
1179 995 1221 1037 in
1254 998 1373 1038 Roma
1387 993 1657 1058 septiesdecies
1683 1009 1845 1042 centena
1859 999 1944 1045 mil-

1050 1059 1120 1116 lia,
1159 1075 1403 1108 LXXXVII.
1457 1064 1680 1110 Numerus
1719 1060 1804 1110 fere
1835 1083 1945 1133 quar-

1052 1125 1208 1194 druplo
1234 1133 1395 1185 minor,
1430 1147 1567 1197 quam
1595 1134 1642 1177 in
1678 1132 1835 1179 Tacito
1859 1137 1946 1181 Eu-

1053 1194 1234 1254 sebiove,
1280 1215 1420 1266 neque
1450 1214 1594 1246 tamen
1620 1217 1828 1267 pugnant.
1880 1207 1946 1250 Hi

1054 1280 1144 1311 tam
1171 1284 1324 1332 pueros
1353 1283 1488 1334 quarn
1513 1265 1639 1324 senes,
1662 1273 1774 1316 viros
1799 1286 1848 1317 ac
1864 1270 1947 1318 foe-

1053 1336 1191 1380 minas
1224 1332 1310 1381 fine
1337 1331 1473 1382 dubio
1511 1333 1785 1403 intelligunt:
1823 1342 1947 1404 Lapis

1055 1397 1261 1449 duntaxat
1284 1421 1353 1449 eos
1378 1401 1560 1463 exhibet,
1594 1409 1672 1472 qui
1700 1402 1804 1453 ferre
1829 1424 1962 1456 arma

1054 1468 1231 1534 possent.
1301 1468 1422 1532 Qid
1462 1469 1493 1517 si
1516 1470 1689 1538 scriptor
1721 1479 1815 1541 quis
1842 1473 1963 1522 alius-

1055 1533 1221 1604 aliquot
1248 1535 1454 1601 myriadas
1470 1544 1612 1587 minus
1627 1539 1793 1597 habeat,
1812 1561 1949 1609 quam

1058 1604 1254 1653 Eusebius
1280 1606 1536 1675 Tacitusque
1552 1620 1564 1655 ?
1580 1625 1685 1673 puta
1711 1607 1780 1656 illa
1805 1627 1947 1659 LXIV.

1058 1671 1190 1721 millia
1220 1679 1391 1722 numeri
1433 1676 1671 1740 posterioris
1711 1677 1828 1725 miffa
1848 1676 1951 1727 faci-

1058 1754 1126 1789 at?
1162 1741 1288 1789 Poffis
1311 1740 1445 1791 dicere
1468 1741 1536 1791 vel
1569 1742 1767 1793 locutum
1797 1769 1964 1817 mcxv*

1057 1814 1214 1878 μεξῶς,
1252 1810 1511 1858 rotundandi
1537 1818 1707 1860 numeri
1727 1812 1883 1871 studio,
1902 1832 1952 1863 ut

1057 1877 1162 1943 saepe
1189 1881 1406 1926 auctores:
1446 1877 1512 1927 vel
1535 1898 1628 1928 non
1668 1881 1952 1948 comprehen-

1059 1944 1157 1994 diffe
1187 1964 1258 1994 aut
1293 1944 1486 2006 infantes,
1535 1967 1609 1997 aut
1645 1951 1772 1998 orbos
1809 1951 1964 1999 orbas*

1058 2032 1169 2081 que..
1209 2019 1330 2063 Nam
1358 2013 1436 2063 hos
1468 2022 1606 2083 excipi
1633 2016 1865 2087 aliquando
1892 2020 1965 2068 ab*

1058 2084 1284 2131 Historicis
1302 2082 1587 2132 observamus.
1623 2088 1680 2133 T.
1710 2091 1851 2135 Livius
1874 2087 1963 2138 lib..

1059 2168 1136 2200 111.
1176 2154 1315 2217 Census
1336 2153 1470 2200 deinde
1497 2154 1624 2210 ailus,
1665 2157 1726 2210 &
1755 2157 1948 2205 conditum

1057 2239 1083 2266 a
1107 2224 1264 2283 §Quintio
1286 2221 1453 2284 lustrum.
1525 2223 1642 2287 Censet
1666 2226 1813 2270 civium
1845 2230 1950 2291 capi-

1057 2303 1102 2336 ta
1114 2290 1428 2340 CXX1v,millia
1444 2307 1622 2339 CCXIV.
1639 2291 1836 2353 dicuntur,
1843 2308 1945 2357 prce-

1055 2371 1116 2406 ter
1138 2356 1246 2404 orbos
1264 2356 1474 2424 orbusque..

1128 2430 1301 2473 Exteros
1314 2444 1459 2474 autem
1476 2434 1519 2473 &
1541 2425 1675 2476 servos
1699 2446 1959 2497 numquam.

1058 2490 1133 2541 sub
1159 2492 1328 2541 censum
1361 2498 1515 2542 Romae
1543 2496 1696 2543 venisse
1717 2497 1836 2562 supra
1853 2517 1949 2546 mo-

1061 2565 1150 2609 nui.
1222 2566 1331 2610 Non
1356 2567 1484 2628 igitur
1523 2579 1656 2610 certus
1681 2583 1847 2611 eorum-
1868 2583 1951 2613 nu„

1063 2648 1201 2678 merus
1224 2628 1313 2677 sciri
1335 2631 1487 2695 potest,
1526 2628 1598 2676 ersi
1625 2630 1697 2678 sub
1722 2631 1967 2683 Caeiaribus.

1063 2697 1179 2746 fuiffe
1207 2715 1340 2763 prope
1353 2698 1709 2745 innumerabilem
1729 2704 1799 2747 vix
1823 2699 1951 2749 dubi-

1066 2783 1155 2816 tem
1188 2766 1408 2815 affirmare.
1481 2769 1551 2833 De
1580 2762 1669 2824 suo,
1705 2766 1751 2816 id
1773 2770 1845 2826 est,
1857 2775 1950 2821 Ne-

1841 2844 1955 2886 tonis
