2308 3217
329 141 445 220 508

329 282 425 312 non
450 262 503 312 sit
526 261 728 321 dubium,
748 268 860 332 quin
887 261 1137 312 Plutarchus
1164 267 1230 310 in—

333 333 387 381 de
410 331 497 382 huc
522 351 620 380 eam
653 332 924 390 transtulerit,
964 342 1009 381 δε
1042 339 1230 380 Commen-

331 402 787 470 tariosquonfffipIAEag
815 405 968 451 Graece
994 399 1227 469 appellarit.

332 471 475 534 Qiod
501 472 644 520 inscite
660 471 826 520 factum
853 477 922 519 aio
939 468 1096 537 triplici
1120 468 1234 518 caus-

332 539 383 588 ίΞι.
459 545 603 588 Prima
655 542 739 599 est,
782 540 905 609 quod
948 558 1052 588 cum
1089 537 1234 587 laudat

335 607 509 658 Caesaris
542 609 858 677 EphemeridaS,
888 614 1077 676 peritum
1099 610 1234 658 lecto-

335 697 428 726 rem
452 677 545 726 sane
558 678 742 736 inducit,
763 687 807 726 &
822 696 962 746 aperte
989 675 1145 735 suadet,
1160 675 1233 725 ad-

333 764 402 796 eat
423 745 532 795 illud
562 746 851 797 Caesarianum
878 767 1002 815 opus,
1038 751 1109 794 cui
1131 751 1235 794 titu-

333 815 430 866 lum
453 819 736 882 Ephemeridem
756 815 828 867 ‘vel
860 817 1130 883 Ephemeridas
1152 814 1237 882 ipse

334 890 484 934 auctor
510 883 679 942 fecerat,
719 895 764 934 &
808 885 931 954 quod
970 883 1100 933 hodie
1138 889 1235 953 qui-

329 953 438 1002 dem
461 953 734 1010 defideratur,
753 951 970 1001 Plutarchi
993 971 1140 1002 autem
1165 973 1236 1001 ex-

335 1024 452 1073 tabat
476 1022 771 1088 temporibus:
807 1019 1023 1089 siquidem
1053 1025 1237 1069 Maurus

335 1096 504 1139 Servius
530 1096 801 1147 Honoratus,
851 1088 1081 1138 Plutarcho
1107 1089 1237 1155 paulo

335 1164 481 1221 junior
508 1158 842 1217 (suvaadriano
867 1157 1042 1226 scripsit)
1064 1164 1151 1221 ejus
1178 1156 1238 1205 la-

332 1245 376 1276 te
402 1233 621 1285 meminit,
659 1233 706 1277 in
741 1227 820 1277 suis
856 1226 911 1276 ad
948 1227 1237 1296 Virgilianam

334 1296 506 1345 Poesim
535 1295 788 1346 doetiffimis
810 1302 1171 1352 Commentariis,
1189 1304 1234 1343 &

335 1367 581 1414 Historiam
611 1372 830 1435 expromit
850 1366 951 1416 inde
981 1372 1026 1416 in
1052 1384 1125 1415 XI.
1156 1373 1236 1417 ΛΕ-

334 1433 449 1482 neid.
483 1443 522 1482 C.
555 1434 696 1501 Julius
730 1440 867 1504 Caesar,
905 1456 990 1483 cum
1030 1437 1236 1486 dimicaret

333 1508 377 1551 in
402 1505 549 1561 Gallia,
584 1509 645 1561 ὠ»
669 1505 717 1552 ab
747 1505 846 1569 hoste
868 1518 1005 1570 raptus
1031 1523 1123 1570 equo
1146 1512 1235 1573 ejus

325 1587 559 1637 portaretur
581 1587 772 1629 armatus,
808 1577 981 1620 occurrit
1007 1573 1162 1638 quidam
1188 1577 1234 1622 de

331 1640 513 1704 hostibus,
549 1646 617 1707 qui
649 1661 733 1688 eum
761 1644 899 1707 noffi’t3
938 1645 998 1696 &
1040 1644 1236 1707 insultans

330 1713 424 1756 ait.-
463 1715 575 1756 Cecos
608 1713 743 1776 Caesizr.
783 1711 886 1775 quod
919 1710 1125 1757 Gallorum
1158 1713 1234 1760 lin-

330 1796 428 1844 gua,
465 1782 646 1834 Dimitte,
668 1778 869 1844 significat
882 1799 895 1825 .·
925 1777 986 1829 Ε’Ξΰῇ
1004 1782 1065 1825 ita
1076 1781 1235 1846 fascium

333 1846 402 1908 est,
440 1860 487 1893 ut
528 1848 800 1894 dimitteretur.
871 1852 959 1893 Hoc
988 1860 1117 1895 autem
1157 1852 1234 1915 ipse

334 1916 523 1979 Caejfhrin
545 1916 789 1980 Ephemeride
805 1918 886 1981 sua
914 1916 1026 1972 dicit,
1061 1915 1126 1963 ubi
1142 1933 1234 1982 pro-

327 1987 456 2048 priam
479 1999 744 2032 commemorat
759 1985 1012 2051 felicitatem.
1084 1986 1236 2033 Histo—

333 2055 444 2098 riam
470 2068 610 2099 totam
637 2051 848 2120 adscripsi,
862 2070 910 2100 ut
932 2070 1132 2119 appareat
1146 2059 1237 2103 Ser-

338 2125 463 2167 vium
501 2119 617 2170 aliud
655 2140 764 2187 opus
792 2120 1038 2189 intelligere,
1100 2141 1237 2191 quam

336 2193 411 2237 cui
431 2194 698 2236 Commerztorii
736 2190 906 2240 Caesaris
932 2190 1080 2239 titulus
1098 2193 1172 2249 est,
1191 2198 1236 2242 in

335 2256 494 2326 quibus
525 2255 723 2307 videlicet
747 2279 793 2309 ea
826 2258 944 2309 nulla
969 2262 1098 2327 plane
1118 2279 1237 2329 repe-

336 2331 455 2374 ritur.

407 2399 539 2446 Ratio
566 2414 702 2464 quam
731 2395 911 2447 alteram
940 2416 1140 2465 oppono,
1159 2402 1233 2459 est,

340 2464 465 2533 quod
499 2483 562 2512 res
595 2483 811 2515 annorum
847 2466 1040 2535 plurium
1069 2487 1093 2515 a
1119 2468 1157 2516 se
1189 2476 1236 2519 in

343 2531 483 2582 Gallia
503 2534 633 2601 gestas
660 2551 830 2584 tantum
852 2535 1073 2584 observato
1102 2539 1238 2600 cujus—

339 2623 430 2672 que
458 2606 561 2650 anni
589 2601 740 2651 ordine
766 2609 812 2651 in
839 2603 917 2653 suis
952 2611 1239 2657 Commenta-

339 2677 409 2722 riis
458 2670 594 2720 Caesar
622 2671 873 2740 perscripsit,
911 2691 960 2721 ut
994 2672 1130 2723 sciunt
1193 2682 1238 2725 ui

342 2760 446 2788 eum
477 2740 684 2789 incuriose
714 2761 802 2790 non
831 2741 1046 2811 legerunt,
1085 2754 1128 2792 δε
1174 2765 1240 2794 in-

334 2809 546 2881 gulotum
557 2828 774 2859 annorum
788 2809 976 2881 singulos
993 2816 1242 2865 Commen-

627 139 754 223 JO.
802 136 1181 200 RUALDI
1243 134 1922 200 ANIMADVERS:

1278 264 1406 308 tarios
1428 259 1545 319 fecit,
1582 261 1705 331 quod
1732 269 1840 313 item
1865 265 2046 325 constat,
2063 268 2183 321 &M

1280 334 1450 378 Hirtius
1492 331 1697 381 admonet
1726 332 1859 401 paulo
1896 352 1995 384 ante
2044 335 2182 388 finem

1280 396 1340 445 sui
1376 417 1483 449 v111.
1526 407 1873 452 Commentarii:
1909 422 1958 454 ut
1995 407 2184 456 Annales
2249 428 2253 437 -·

1281 485 1378 515 eam
1408 469 1686 538 scriptionem
1699 477 1791 535 jure
1807 491 1855 521 ac
1881 480 2055 540 proprie
2070 495 2183 526 nun*

1282 555 1438 604 cupare
1467 542 1683 607 potuisset,
1722 539 1800 589 nisi
1825 546 1915 604 jam
1946 541 2057 591 illius
2087 565 2182 595 aevo

1282 607 1524 656 Annalium
1552 614 1734 667 nomine
1758 609 1944 677 amplior
1970 621 2015 660 ὅτ,
2047 615 2188 664 uberi-

1282 695 1333 723 or
1370 679 1561 726 Historia
1588 678 1775 745 coepiffet
1816 676 2013 747 intelligi,
2051 699 2187 750 quam

1282 744 1362 811 ips1
1391 746 1564 795 Caesaris
1586 752 1907 797 Commentarii
1930 748 2023 798 sint.
2071 754 2186 802 Non

1282 818 1414 882 igitur
1441 816 1675 887 Ἐφημεξὶς
1696 815 1765 866 Vel
1790 819 2074 887 Ἐφημεξίδὲς
2099 817 2187 869 dici

1283 883 1513 934 Plutarcho
1535 884 1793 944 debuerunt,
1829 893 1875 937 in
1946 887 2070 936 uibus
2094 908 2188 939 non

1284 970 1358 1019 per
1387 973 1539 1011 annos,
1574 954 1643 1004 sed
1669 974 1744 1022 per
1782 954 1868 1004 dies
1906 907 2095 1025 {cingulos
2124 977 2189 1007 res

1283 1023 1408 1088 gestae
1436 1042 1855 1083 commemorantur,
1893 1043 1942 1075 ut
1972 1026 2101 1075 docet
2127 1029 2184 1076 A.

1287 1088 1450 1139 Gellius
1479 1090 1577 1141 libri
1600 1115 1641 1143 v.
1672 1113 1765 1161 cap.
1799 1113 1900 1145 XV1
1921 1115 1937 1142 1
1956 1115 1994 1144 1.
2036 1096 2189 1146 Suidas

1285 1176 1495 1228 quoque:
1533 1163 1776 1231 Ἐφημεξὶς,
1811 1169 1895 1218 τῶν
1923 1166 1995 1232 ἐφ’
2031 1165 2188 1224 ἑκάς-ης

1284 1227 1454 1296 ἧμέρρις
1482 1230 1784 1296 συμπιπἼόνἹων
1810 1234 2081 1301 >imfimo-
2117 1233 2190 1283 Id-

1284 1314 1371 1364 que
1401 1297 1470 1346 vel
1497 1298 1581 1364 ipsa
1601 1305 1792 1347 nominis
1817 1307 1983 1348 notatio
2007 1300 2103 1366 plus
2127 1300 2186 1351 121-

1283 1369 1333 1411 tis
1363 1363 1525 1413 indicat
1549 1371 1690 1414 Latini
1713 1371 1957 1437 Graecique,
1994 1367 2103 1417 adde
2117 1368 2185 1429 fis,

1282 1440 1330 1479 δε
1342 1434 1474 1481 nostri
1484 1433 1701 1483 vernaculi
1719 1457 1728 1483 ε
1746 1434 1932 1485 dicimus
1951 1442 2069 1485 enim
2066 1445 2188 1504 jour-

1281 1503 1364 1558 wal,
1395 1500 1462 1551 vel
1472 1506 1795 1570 papierjournal.
1875 1506 2094 1576 Juvenalis
2119 1527 2188 1556 ea-

1287 1568 1389 1618 dem
1407 1572 1545 1620 caussa
1559 1578 1751 1623 Diurnum
1776 1572 1910 1623 dixit:
1929 1577 2035 1644 longi
2047 1579 2188 1644 relegit

1282 1641 1487 1706 tranfhiia
1528 1643 1670 1691 diurni.

1284 1709 1607 1778 (ῶῖᾒιφξαςικῶς
1644 1711 1826 1771 Annali,
1859 1735 1874 1760 1
1895 1735 1908 1760 1
1929 1735 1967 1762 1.
2007 1716 2187 1763 diurnam

1282 1778 1456 1826 aiiorum
1480 1783 1735 1847 scripturam.
1778 1792 1823 1832 δε
1849 1782 2013 1831 Annali
2035 1805 2088 1831 xi
2109 1805 2124 1830 1
2143 1805 2181 1832 1.

1283 1846 1374 1894 afta
1395 1849 1548 1897 diurna.
1621 1856 1865 1907 Suetonius,
1902 1870 2037 1919 quem
2065 1874 2186 1914 nv&-

1286 1915 1451 1985 ολογίςι
1474 1915 1542 1965 vel
1570 1924 1827 1985 proprietate
1849 1920 2087 1968 verborum
2112 1941 2184 1970 ne-

1283 1987 1394 2032 mini
1420 1989 1574 2033 Latino
1607 1986 1800 2054 scriptori
1829 1994 1921 2051 jure
1939 1989 2185 2055 postposue-

1284 2056 1351 2111 riS,
1387 2052 1596 2123 eleganter
1623 2060 1669 2104 in
1698 2058 1898 2126 Augusto
1914 2076 2004 2125 cap.
2026 2075 2120 2106 XL1
2135 2077 2181 2109 V.

1284 2123 1442 2170 diurnos
1457 2130 1765 2173 Commentarios.
1799 2136 1844 2175 δε
1869 2144 1961 2192 cap.
1987 2144 2179 2178 LXXVIII.

1284 2191 1396 2239 atius
1422 2194 1577 2240 diurnos
1603 2192 1844 2260 appellavit.
1905 2194 1994 2243 Alii
2018 2202 2184 2267 antiqui

1284 2260 1376 2308 aila
1401 2262 1611 2319 diurnalia,
1631 2271 1674 2310 ὃς
1701 2265 1872 2311 αὲἵὶοηες
1895 2265 2091 2313 diurnales
2105 2285 2184 2314 vo-

1285 2346 1452 2392 carum,
1489 2348 1539 2378 ut
1576 2350 1625 2379 ex
1653 2331 1894 2379 Annalium
1929 2338 2064 2382 Corn.
2097 2336 2185 2382 Ta-

1286 2402 1361 2446 citi
1392 2404 1540 2447 veteris
1573 2400 1769 2466 editionis
1804 2399 1902 2448 falsa
1941 2403 2183 2470 Epigraphe

1287 2467 1598 2535 cognoscimus.
1637 2474 1816 2518 Omitto
1844 2469 1997 2527 elicere,
2026 2471 2182 2521 Calena

1286 2536 1414 2593 daria,
1435 2537 1500 2585 vel
1526 2539 1745 2585 Fastorum
1776 2537 1951 2596 tabulaS,
1969 2550 2013 2588 ὃς
2032 2542 2182 2588 Astro-

1284 2603 1490 2672 logorum
1525 2610 1704 2654 Lunaria
1735 2605 1950 2665 (Eusebius
1975 2608 2183 2679 Ἀλμὲζυι-

1287 2674 1454 2743 manci,
1474 2676 1675 2723 nostrates
1694 2678 1891 2724 Almanac
1915 2675 2180 2744 usurparunt,

1287 2742 1465 2792 articulo
1519 2743 1724 2801 Arabico,
1769 2755 1813 2793 &
1857 2763 1963 2793 voce
2014 2750 2178 2805 Graeca,

1283 2831 1424 2883 ,quam
1449 2830 1597 2862 tamen
1619 2812 1849 2867 inflexione
1883 2812 2001 2864 suam
2040 2819 2181 2865 Latini

2118 2883 2180 2933 fe„

1744 1644 1972 1693 Cornelius
2010 1649 2188 1695 Tacitus
2247 1655 2251 1657 ’
