2308 3217
351 163 463 223 530
553 137 694 222 JO.
746 132 1148 195 RUALDI
1221 129 1959 229 ANIMADVERS.

346 265 415 310 nis
441 263 605 309 aerariis.
653 256 812 307 Rursus
837 254 991 304 deinde
1017 258 1248 322 Pompeius

348 333 399 378 in
420 328 670 378 Consulatu
695 344 748 375 11.
774 343 868 393 quo
896 329 1122 381 contraffL.
1139 322 1251 372 Piso-

351 416 457 447 nem
476 398 590 446 ‘dixit
614 399 683 444 M.
711 393 897 450 Tullius,
938 392 1249 460 promulgavit,

353 484 404 516 ut
439 465 702 533 amplissimo
737 483 788 511 ex
818 460 944 510 censu
973 481 1023 509 ex
1055 466 1253 509 centuriis

352 536 472 584 aliter
497 553 633 604 quam
659 550 782 581 antea
806 529 906 580 1εὲὶί
928 529 1102 593 judices,
1132 549 1253 598 aeque

356 622 504 651 tamen
526 625 576 652 ex
598 601 676 651 illis
699 600 834 649 tribus
852 597 1079 649 ordinibus
1107 618 1168 646 res
1185 604 1253 662 ju-

350 673 559 721 dicarent.
636 678 783 720 Docet
826 668 1014 717 eruditus
1051 673 1253 733 interpres

352 742 566 791 Asconius
590 743 908 788 commentario
929 755 1120 786 extremo
1142 741 1188 783 in
1204 735 1256 783 il·-

351 808 456 870 lam,
494 830 592 880 quae
621 826 771 858 contra
787 806 984 869 Pisonem
1006 804 1176 854 dicitur.
1216 810 1255 853 I-

352 878 458 928 dem
501 885 546 928 in
586 897 698 934 eam,
737 881 807 924 cui
843 880 1071 925 Divinatio
1109 872 1256 922 titulus

352 950 443 996 est:
479 956 516 996 C.
547 947 748 995 Gracchus
774 947 893 1011 legem
918 945 1068 991 tulerat
1096 944 1168 1003 (A.
1191 945 1253 990 U.

354 1023 411 1065 C.
439 1022 665 1070 DCXXX.)
708 1027 754 1060 ut
779 1016 927 1078 equites
954 1015 1118 1057 Romani
1141 1012 1258 1075 judi—

352 1099 505 1134 carent.
540 1084 847 1148 Judicaverunt
889 1096 963 1145 per
1006 1097 1130 1125 annos
1172 1095 1255 1127 XL.

298 1168 306 1173 “
339 1155 431 1218 Jine
459 1153 636 1220 infamia.
724 1149 813 1213 Post
845 1149 980 1195 vietor
1021 1148 1126 1216 Sylla
1157 1149 1258 1214 leges

353 1224 518 1278 tulerat,
560 1235 607 1268 ut
634 1222 862 1268 Senatorius
895 1217 988 1264 ordo
1019 1217 1228 1282 judicaret
1244 1237 1258 1264 .·

356 1296 419 1347 ἄν
451 1291 666 1356 judicavit
699 1304 771 1354 per
802 1304 854 1334 Χ.
909 1304 1030 1333 annos
1076 1289 1256 1350 turpiter.

354 1364 479 1406 Nunc
513 1356 748 1420 (accusante
775 1360 961 1405 Verrem
988 1356 1057 1401 M.
1085 1351 1253 1410 Tullio)

354 1429 497 1477 Aurel.
531 1434 646 1475 Cotta
676 1428 794 1493 legem
821 1425 928 1492 fert,
964 1437 1011 1471 ut
1051 1427 1258 1470 Senatores

355 1502 418 1553 &²
441 1501 605 1563 Equites
639 1498 818 1551 Romani,
854 1513 903 1540 ac
944 1490 1100 1539 Tribuni
1129 1495 1258 1538 aerarii

341 1566 466 1631 fimul
487 1567 688 1631 judicent.
759 1568 814 1609 Et
853 1561 944 1608 bene
971 1561 1084 1607 addit
1111 1563 1256 1616 Cicero,

354 1652 561 1702 quoque,
598 1647 644 1680 ut
651 1632 774 1698 simul
778 1631 1034 1694 judicaturos*
1066 1630 1165 1676 alios
1190 1630 1258 1694 effe

354 1703 599 1767 monstraret.
692 1698 836 1747 Verba
877 1701 1099 1744 Ciceronis
1150 1695 1256 1745 sunt.

354 1772 462 1819 Ordo
487 1788 635 1837 quoque
656 1770 758 1817 alius
786 1767 841 1813 ad
861 1784 922 1813 res
930 1765 1178 1830 judicandas
1187 1781 1260 1831 po-

342 1840 536 1905 stulatur.
558 1843 656 1886 Hac
684 1842 728 1884 in
739 1853 824 1883 una
833 1833 1035 1882 sententia
1051 1833 1259 1885 Pedianus

359 1917 405 1957 δε
425 1912 684 1956 Ciceronem
726 1920 877 1952 contra
903 1900 1124 1952 Velleium
1156 1904 1261 1951 stare

358 1974 559 2033 ostendit,
598 1984 642 2022 δε
693 1970 881 2021 eundem
928 1969 1012 2039 ipse
1040 1969 1260 2022 Velleium

360 2043 506 2094 denuo
532 2039 745 2092 manifesti
770 2044 919 2088 erroris
948 2038 1073 2089 nobis
1105 2046 1260 2109 arguit,

362 2111 489 2161 fimul
514 2123 558 2161 ὃς
589 2108 886 2166 Plutarchum,
899 2109 1089 2159 adversus
1144 2128 1261 2168 uem,

361 2182 516 2231 omiffo
541 2180 725 2237 Velleio,
760 2184 918 2227 iterum
942 2179 1062 2225 testes
1088 2196 1112 2225 a
1145 2177 1265 2228 duci-

365 2269 479 2299 mus.
517 2249 675 2300 Plinius
704 2253 841 2316 capite
862 2265 915 2295 11.
942 2247 1040 2296 libri
1067 2264 1263 2297 xxxm.

365 2318 567 2368 Natural.
598 2318 827 2365 Historiae:
868 2317 1059 2380 Judicum
1099 2319 1268 2383 appella-

366 2392 473 2436 tione
504 2390 686 2455 separari
723 2403 806 2432 eum
841 2386 1010 2432 ordinem
1038 2389 1269 2443 (Senatori-

371 2465 468 2516 um)
504 2460 623 2524 primi
659 2458 823 2502 omnium
862 2454 1058 2517 instituere
1084 2456 1269 2513 Gracchi,

369 2528 537 2593 discordi
555 2525 819 2591 popularitate
848 2525 890 2568 in
914 2524 1182 2570 coutumeliam
1201 2530 1270 2571 Se-

369 2609 502 2643 natus.
571 2596 798 2659 Appianus
822 2595 868 2639 in
896 2594 1040 2656 primo
1065 2595 1133 2639 De
1151 2591 1270 2641 bellis

372 2663 503 2712 Civil.
538 2664 559 2716 ὁ
591 2656 674 2730 995⁴?
704 2660 840 2718 Γοίϊος
863 2659 1100 2728 sedux&
1127 2661 1191 2714 τοὶ
1208 2664 1271 2714 <3⁸1-

369 2736 570 2797 καςήφια
608 2732 827 2799 οἰδοξέιῗῖα
864 2732 950 2789 ciiii
1003 2734 1271 2804 ὃωρρδοκιάς

368 2817 408 2869 ἐς
433 2810 514 2868 reis
537 2809 694 2867 ἱππέας
707 2808 798 2863 tm*
825 2812 908 2864 τῶν
929 2812 1169 2875 egitur&
1187 2833 1271 2878 με·

961 2905 984 2946 5

1294 251 1465 325 τέφξρξ.
1515 254 1569 298 Et
1590 250 1722 319 paulo
1748 254 1875 320 post:
1912 251 1947 328 γὲ
1969 253 2213 325 μετίωέχι-

1297 333 1354 381 θη
1376 323 1456 393 HQ)
1475 322 1560 379 ὧδὲ
1587 330 1625 383 ἐς
1651 326 1733 384 ‘tait
1760 325 1917 384 ἱππέας
1942 327 2032 381 an?
2061 325 2094 380 ’ἓ
2111 335 2207 394 βω

1298 403 1377 476 λῆς
1406 398 1471 452 τοὶ
1503 400 1748 468 δικαςήξια.
1774 399 1944 468 &oto-*53
1972 399 2210 471 nvgwsie'v‘loc·
2228 446 2239 454 γ.

1300 475 1404 541 οἶξτι
1444 474 1503 525 τέ
1541 472 1669 539 νεῖμε,
1717 474 1789 526 τδν
1826 473 2038 543 Γρριῖκχον
2075 477 2202 530 εἰπεῖν

1301 546 1367 599 ὅτι
1409 544 1590 615 α’θςόως
1625 544 1715 599 rho
1754 547 1920 612 βελζα)
1956 550 2200 618 >confiteriam

1302 624 1351 667 L.
1379 620 1568 668 Annaeus
1596 617 1741 668 Florus
1764 618 1839 668 lib.
1859 637 1934 668 111.
1954 639 2045 687 cap.
2067 638 2208 673 xvir.

1301 688 1535 752 Judiciaria
1572 689 1653 755 lege
1691 696 1731 736 C.
1775 690 1946 737 Gracchi
1980 691 2205 756 diviserant

1296 759 1423 823 popul.
1467 762 1695 815 Romanum,
1740 762 1800 814 &
1834 758 2022 824 bicipitem
2047 778 2096 808 ex
2127 780 2207 809 una

1293 825 1481 892 fecerant
1511 830 1722 874 civitatem
1746 831 1893 893 equites
1916 833 2090 876 Romani.
2115 834 2206 877 De-

1304 898 1440 964 nique
1467 897 1538 942 M.
1567 899 1707 944 Varro
1741 894 1804 944 his
1843 895 2050 943 omnibus
2078 895 2207 966 strip-

1305 978 1373 1011 tor
1403 969 1648 1032 antiquior,
1689 975 1734 1014 &
1769 969 1950 1031 propior
1988 963 2209 1015 Graccho-

1304 1049 1406 1079 rum
1429 1035 1713 1098 temporibuS,
1751 1038 1799 1081 in
1825 1051 1894 1082 1v.
1923 1033 1977 1081 de
2011 1038 2100 1083 vita
2124 1053 2208 1102 po-

1306 1096 1398 1163 puli
1427 1104 1621 1150 Romani
1645 1099 1764 1168 apud
1786 1105 1993 1150 Nonium
2021 1103 2209 1153 Marcela

1306 1165 1417 1224 lum,
1445 1186 1539 1235 cap.
1569 1167 1621 1217 de
1647 1175 1892 1236 impropriis
1911 1176 2097 1238 :Iniquus
2129 1179 2216 1233 (C.·

1309 1234 1547 1294 Gracchus)
1577 1241 1738 1303 judicia
1764 1239 1923 1305 equestri
1960 1241 2088 1286 ordini
2118 1255 2208 1289 tra-

1305 1305 1422 1361 didit,
1458 1324 1507 1352 ac
1533 1305 1724 1370 bicipitem
1744 1310 1953 1353 civitatem
1973 1308 2095 1371 fhcit,
2129 1311 2210 1375 dist

1306 1374 1525 1420 cordiarum
1553 1375 1732 1421 civilium
1750 1374 1919 1439 fontem.
1949 1379 2060 1424 Haec
2089 1381 2209 1427 enim

1305 1441 1437 1489 verba
1465 1439 1518 1487 de
1548 1445 1602 1488 C.
1632 1440 1834 1490 Graccho
1861 1442 1938 1490 effe
1969 1441 2210 1514 intelligen—

1307 1505 1375 1569 da,
1411 1509 1622 1576 superiora
1663 1509 1773 1559 Flori
1818 1509 2003 1560 docent.-
2054 1533 2105 1562 ex
2144 1513 2211 1565 his

1307 1595 1458 1627 contra
1485 1576 1662 1627 Florum
1696 1583 1903 1628 Varronis
1929 1580 2109 1631 floribus
2144 1584 2210 1634 su-

1307 1665 1380 1695 am
1427 1649 1639 1697 exornaffe
1679 1649 1924 1698 Historiam
1967 1668 2060 1700 non
2099 1671 2211 1703 vana

1307 1715 1485 1783 suspicio
1509 1719 1582 1765 est.

1377 1789 1490 1834 Non
1528 1790 1660 1855 igitur
1694 1792 1749 1836 C.
1784 1786 2006 1836 Gracchus
2047 1787 2208 1850 judicia.

1309 1852 1527 1923 aequaliter
1556 1861 1666 1904 inter
1702 1862 1919 1904 Senatores
1957 1867 2001 1905 &
2032 1861 2209 1927 Equites

1308 1927 1487 1988 partitus
1533 1925 1605 1972 est.
1677 1923 1728 1971 Id
1758 1942 1903 1972 autem
1940 1931 2020 1994 qui
2065 1926 2211 1976 fecerit

1309 1995 1489 2057 primus,
1525 1996 1593 2040 M.
1635 1996 1788 2040 Livius
1825 1993 1984 2041 Drusus
2011 2001 2212 2044 nomina-

1312 2075 1393 2108 tur.
1431 2058 1619 2109 Velleius
1647 2078 1696 2109 11.
1724 2059 1823 2108 libri
1852 2080 1944 2128 cap.
1975 2080 2088 2111 xm.
2129 2070 2213 2113 Tri-

1312 2127 1498 2177 bunatum
1520 2134 1610 2177 iniit
1636 2131 1709 2188 (A.
1737 2132 1797 2177 U.
1829 2136 1883 2178 C.
1909 2148 2104 2181 Dchn.
2127 2138 2214 2182 Lu-

1314 2202 1385 2245 cio
1428 2200 1600 2247 Marcio
1639 2196 1865 2266 Philippo,
1927 2205 2056 2249 Sexto
2093 2202 2212 2273 Julio

1318 2265 1479 2316 Caesare
1504 2266 1638 2323 Coff.)
1671 2272 1740 2314 M.
1764 2273 1914 2315 Livius
1938 2273 2104 2337 Drusus,
2141 2277 2215 2321 ‘vir

1314 2335 1570 2400 nobiliffimus,
1584 2335 1914 2402 eloquentiffimus,
1937 2339 2211 2404 sanfiiffi'mus‚

1317 2406 1469 2453 meliore
1491 2410 1533 2453 in
1560 2410 1686 2453 omnia
1713 2409 1863 2472 ingenio
1888 2410 2086 2474 animoque
2099 2428 2214 2475 quam

1308 2474 1480 2540 fortuna
1530 2477 1643 2540 usus,
1692 2479 1758 2540 qui
1794 2493 1880 2521 cum
1921 2480 2083 2523 Senatui
2112 2480 2216 2545 pris-

1318 2561 1404 2588 cum
1437 2543 1633 2606 restituere
1673 2557 1826 2607 cujn'ret
1863 2543 2001 2600 decus,
2050 2548 2111 2600 &³
2138 2552 2214 2610 ju—

1319 2612 1423 2658 dicia
1457 2611 1507 2658 ab
1545 2610 1737 2677 equitibus
1788 2612 1843 2658 ad
1875 2631 1958 2659 eum
1999 2614 2213 2681 transferre

1319 2680 1502 2736 ordinem,
1551 2684 1593 2727 in
1631 2683 1681 2725 iis
1705 2681 1806 2745 ipsis,
1842 2699 1925 2745 quae
1955 2697 2030 2749 pro
2068 2689 2215 2734 Senatu

1318 2748 1571 2804 moliebatur,
1621 2753 1808 2795 Senatum
1849 2747 1984 2797 habuit
2023 2752 2215 2815 adversa-

1318 2821 1430 2867 rium.
1501 2820 1613 2880 Qae
1635 2813 1786 2867 Velleii
1823 2834 1945 2866 caute
1977 2818 2109 2868 velim
2145 2837 2215 2867 ac-

1916 2885 1919 2889 ’
2059 2890 2213 2954 cipias:
