2308 3217
405 129 545 187 IN

106 259 222 324 ginta
245 254 430 302 retraxit.
479 252 581 317 Jure
605 261 773 302 monet,
807 262 878 293 nec
899 261 1001 292 more

110 343 182 372 nec
203 324 282 371 loco
294 320 424 386 Jblito.
464 319 587 363 Nam
613 313 659 361 id
688 318 874 361 muneris
901 331 1001 362 cen-

109 390 253 440 sorum
274 395 318 435 &
341 381 621 452 publicorum
639 381 872 431 scribarum
891 385 1001 431 anti-

110 477 202 526 quo
231 473 352 503 more
394 452 490 508 fuit,
527 455 597 498 cui
639 448 884 519 peragendo
931 448 1000 499 vel

107 527 269 580 forum,
311 519 381 571 vel
410 518 510 569 villa
546 519 719 586 publica
758 524 804 567 in
843 536 1000 586 campo

106 595 273 643 Martio
313 606 402 639 erat
441 588 657 639 destinata.
729 586 867 637 Caesar
897 606 1001 638 vero

107 667 198 729 egit
244 664 413 708 vicatim
455 674 527 724 per
557 659 724 705 dominos
761 658 998 723 insularum:

108 728 234 798 quod
258 729 315 776 est
339 725 491 783 dicere,
527 743 601 791 per
631 724 848 781 locatores,
865 729 1002 794 aqui-

108 798 187 847 bus
227 794 377 844 insulas
412 793 500 843 five
534 793 692 841 domos
723 810 856 862 egena
883 793 1000 862 plebs

107 863 393 913 conducebat.
444 861 580 931 quue
606 862 743 911 Caesar
769 867 873 931 egit,
907 880 999 911 non

106 948 157 983 ut
193 931 352 989 censpr,
395 930 463 980 sed
509 948 560 978 ut
598 929 671 992 ’ἧς’
706 931 868 999 τξόπων
914 933 998 982 τῶν

106 1002 249 1060 ἑκοίςξς
275 1000 511 1059 ἇῆῑςοίτης,
546 1017 687 1047 morum
705 998 1000 1073 uniuscujusque

105 1072 296 1137 magister,
344 1068 452 1118 ficut
508 1085 609 1115 eum
644 1064 761 1130 apud
801 1068 998 1114 Dionem

103 1137 239 1205 supra,
275 1143 322 1184 in
353 1154 433 1184 tres
465 1152 598 1183 annos
625 1137 781 1181 creavit
805 1138 996 1183 Senatus.

103 1210 157 1254 In
186 1224 370 1253 numero
397 1202 543 1252 leviter
572 1200 755 1249 dissentit
791 1219 817 1248 a.
847 1206 998 1250 Sueto-

104 1278 180 1322 nio
198 1278 316 1322 Dio:
351 1277 408 1321 ait
426 1276 545 1320 enim
570 1270 750 1337 γῖμίσεις,
786 1268 905 1338 quasi
927 1288 1000 1318 ve-

107 1338 156 1390 lit
179 1343 276 1408 post
308 1341 478 1389 Caesatis
521 1337 813 1387 recensionem
845 1335 1000 1388 datum

105 1408 248 1458 adhuc
275 1406 544 1457 frumentum
571 1423 686 1457 CLX.
722 1402 803 1455 Sed
822 1404 906 1455 hoc
920 1424 1001 1474 pu-

106 1494 169 1535 to,
204 1477 312 1526 dixit
340 1479 569 1549 ὁλοχεςῶς
600 1494 692 1524 non
718 1474 934 1536 οἰκαςῶς,
959 1494 1002 1523 e-

105 1565 221 1614 oque
245 1545 412 1593 inservit
435 1548 585 1612 ὀμὲτι,
611 1544 716 1610 fere,
752 1548 925 1601 circiter,
957 1562 1003 1591 a-

106 1615 340 1680 liquatenus.
401 1617 576 1662 Rectius
600 1611 799 1669 viciffim,
839 1621 883 1661 &
911 1630 1004 1661 ma-

106 1688 170 1749 gis
198 1687 366 1749 proprie
393 1681 445 1729 de
465 1680 733 1730 frumentum
756 1684 1003 1748 accipienti-

109 1752 187 1798 bus
213 1751 264 1804 τό
288 1749 468 1808 nnio&
497 1747 730 1816 usurpavit,
767 1767 903 1818 quam
924 1768 1004 1798 vo-

109 1836 204 1881 cem
226 1821 402 1884 populus,
439 1823 686 1866 Suetonius.-
730 1821 790 1866 Ea
813 1836 1003 1887 namque

109 1884 318 1935 frumenti
345 1884 513 1954 largitio
537 1883 659 1933 solius
698 1885 1001 1946 multitudinis,

112 1963 158 2002 ὃς
192 1973 333 2022 egenae
366 1951 596 2022 plebeculae
634 1951 732 2011 fuit,
782 1970 831 2002 ut
871 1959 1002 2003 nimis

111 2024 292 2080 constat,
339 2040 432 2070 non
465 2038 610 2070 autem
655 2019 808 2089 populi
854 2028 999 2072 totiuS.

110 2091 415 2153 Quamobrem
443 2095 611 2159 quoties
635 2094 778 2140 Livius
802 2089 928 2155 hujus
939 2092 1002 2140 di-

110 2159 372 2208 stributionis
426 2163 640 2216 meminit,
688 2178 844 2208 vocem
879 2160 1003 2226 plebis

111 2244 227 2276 amat
254 2227 472 2294 usurpare3
499 2226 663 2276 tametsi
694 2237 738 2276 δε
758 2226 868 2276 hanc
880 2244 1002 2295 popu-

113 2296 172 2342 Ius
195 2297 247 2344 ab
278 2296 433 2345 eodem
464 2303 511 2345 in
546 2294 695 2345 eadem
737 2315 780 2343 re
808 2294 904 2363 plus
943 2296 1002 2345 se-

114 2362 203 2411 mel
230 2363 411 2429 positam
460 2365 550 2414 satis
594 2382 752 2413 notum
789 2362 900 2415 mihi
932 2364 998 2414 fit.

114 2429 389 2482 Plutarchum
413 2439 555 2502 igitur,
572 2444 694 2494 (nam
710 2451 812 2482 eum
827 2433 897 2484 hic
917 2435 1004 2483 vel-

115 2497 154 2545 le
181 2501 389 2548 obstinate
408 2500 645 2560 defendere,
715 2501 804 2551 uod
825 2502 935 2551 olim
952 2502 1004 2552 fi-

116 2570 176 2614 eri
199 2567 313 2634 posse
339 2569 580 2629 arbitrabar,
598 2522 720 2640 quasi
742 2569 908 2621 militiae
930 2590 1005 2640 ap-

117 2650 209 2681 tam
246 2633 377 2684 solam·
411 2637 739 2688 multitudinem
773 2645 1005 2707 exprimere

118 2705 165 2749 in
198 2720 342 2752 mente
379 2702 586 2764 habuerit,
623 2726 670 2757 ut
696 2708 797 2758 alios
820 2707 1007 2758 classicos

115 2774 306 2887 εαᾶξῐεε
327 2791 648 2844 nonnunquam
662 2776 796 2828 facere
813 2795 913 2828 ante
927 2775 1008 2849 do:

234 2856 290 2888 01.
321 2845 399 2890 IV.

637 121 1625 188 PLUTARCHUM.

1826 148 1942 208 525

1048 248 1232 303 cuimus,
1267 245 1363 292 effet
1405 249 1451 295 in
1488 263 1629 312 aperta
1666 246 1762 297 luce
1800 249 1942 317 suapte

1047 309 1199 378 sponte
1229 317 1474 370 connivere,
1510 332 1645 382 quam
1669 313 1821 364 scilicet
1848 322 1938 368 Dio

1049 389 1095 427 &
1125 384 1239 428 Suet.
1270 398 1374 429 cum
1406 399 1459 428 eo
1491 380 1634 431 collati
1671 387 1800 431 nimis
1829 386 1941 435 mul-

1047 462 1139 495 tam
1159 446 1389 507 sufficiunt)
1414 448 1704 508 Plutarchum,
1739 455 1940 521 inquam,

1047 513 1157 564 dum
1197 537 1248 566 ex
1280 515 1559 586 intelligentia
1595 537 1754 578 rerum,
1804 539 1940 590 quam

1048 583 1306 651 experiendo
1331 585 1467 635 fuerat
1500 587 1691 655 adeptus,
1726 593 1819 638 vim
1851 608 1944 640 ver-

1049 651 1209 702 borum
1251 657 1522 712 Latinorum,
1558 671 1607 704 ut
1629 657 1713 724 ipse
1737 657 1944 726 gloriatur

1048 726 1095 770 in
1110 720 1468 778 Demosthene,ie
1492 723 1649 793 assequi
1672 727 1787 792 posse
1807 728 1943 777 credi-

1050 790 1127 848 dit,
1161 808 1288 840 voces
1309 787 1574 838 induxerunt
1604 797 1781 859 recensus
1812 805 1856 844 &
1872 812 1944 861 po-

1039 859 1157 924 pulus
1183 863 1231 907 in
1260 877 1314 906 eo
1332 862 1488 907 Latino
1515 857 1729 925 scriptore,
1746 860 1829 910 sive
1842 868 1946 912 Sue-

1048 932 1206 985 tonius,
1242 926 1328 976 sive
1353 926 1504 996 aliquis
1526 926 1630 975 alius
1658 933 1691 977 is
1715 927 1779 986 fit,
1804 948 1829 977 a
1853 949 1947 999 quo*

1047 992 1138 1044 haec
1167 997 1227 1044 est
1254 995 1494 1045 foeneratus.
1579 999 1752 1046 Putavit
1794 1002 1949 1066 censum

1051 1071 1095 1111 &
1125 1067 1334 1130 recensum,
1364 1083 1462 1134 quae
1490 1061 1696 1115 differunt
1721 1070 1769 1114 in
1794 1065 1875 1116 hac
1902 1086 1949 1117 re

1048 1130 1245 1200 quidem,
1275 1151 1494 1202 quantum
1510 1133 1682 1200 τίμησις
1709 1142 1754 1183 &
1785 1134 1949 1200 ὥξὲτα.

1048 1223 1130 1259 ο-ις,
1165 1201 1252 1252 hoc
1274 1203 1333 1250 est
1358 1200 1618 1269 plurimum,
1637 1212 1682 1252 δε
1741 1220 1806 1253 uae
1833 1223 1949 1255 nun-

1046 1287 1182 1338 quam
1220 1289 1328 1339 pure
1381 1280 1426 1320 δε
1468 1269 1693 1321 emendate
1708 1222 1946 1342 (loquenti,

1048 1338 1171 1406 quod
1193 1342 1252 1387 est
1279 1344 1442 1396 Latine,
1480 1339 1824 1398 confunduntur,
1869 1344 1949 1392 effe

1048 1404 1187 1472 λέξεις
1233 1407 1359 1472 plane
1397 1409 1677 1474 σ-ιωωνύμες.
1750 1409 1950 1461 Credidit

1051 1483 1096 1522 ὃς
1113 1477 1246 1541 populi
1271 1495 1392 1532 voce,
1429 1482 1667 1535 auctorem,
1684 1499 1733 1527 ex
1759 1497 1852 1547 quo
1875 1477 1950 1528 de-

1050 1539 1242 1609 sumpsit,
1277 1561 1429 1593 omnes
1452 1546 1565 1593 urbis
1595 1546 1763 1594 ordines
1788 1545 1950 1596 intelle-

1049 1610 1164 1668 xisse,
1202 1630 1306 1659 cum
1341 1610 1514 1679 plebem
1551 1611 1823 1664 frumentum
1867 1634 1949 1683 pu-

1053 1676 1220 1728 blicum
1243 1685 1527 1748 accipientem
1548 1699 1720 1731 tantum
1738 1681 1950 1754 intellige-

1050 1765 1127 1805 ret,
1165 1766 1212 1798 urt
1242 1747 1401 1819 liquet,
1438 1757 1484 1800 δε
1522 1755 1568 1800 in
1607 1756 1811 1801 Suetonio
1847 1772 1948 1822 quae

1051 1817 1196 1866 statim
1222 1816 1472 1887 sequuntur,
1508 1838 1587 1867 nec
1619 1838 1643 1867 a
1669 1819 1950 1888 superioribus

1050 1884 1129 1932 nisi
1179 1887 1447 1954 paragrapho
1488 1888 1786 1957 distinguenda
1835 1889 1947 1950 sunt,

1051 1951 1159 2001 clare
1186 1955 1431 2004 ostendunt.

1119 2026 1282 2093 Neque
1323 2043 1425 2073 vero
1460 2029 1700 2086 Suetonius,
1749 2043 1823 2077 aut
1856 2026 1946 2089 ille,

1051 2106 1185 2159 quem
1238 2092 1378 2142 noster
1433 2091 1630 2162 sequutus
1666 2097 1740 2153 est,
1787 2114 1946 2147 vocem

1049 2157 1159 2209 hanc
1172 2163 1302 2228 populi
1325 2163 1465 2210 stricte
1494 2161 1625 2232 usque
1650 2162 1757 2213 adeo
1777 2170 1945 2232 primus

1049 2226 1242 2298 solusque
1262 2235 1389 2297 cepit.
1438 2233 1495 2280 T.
1523 2235 1681 2290 Livius,
1717 2233 1839 2303 quod
1865 2253 1942 2283 ano

1049 2312 1092 2344 te
1114 2297 1219 2356 dixi,
1243 2298 1424 2366 persaepe
1451 2303 1499 2361 in
1528 2298 1677 2350 eadem
1702 2320 1773 2350 re:
1809 2302 1944 2352 Libro

1050 2382 1207 2417 XXXI.
1239 2370 1395 2417 AEdiles
1406 2369 1604 2436 frumenti
1624 2375 1710 2417 vim
1732 2374 1940 2438 ingentem,

1049 2437 1153 2501 quod
1176 2455 1224 2484 ex
1236 2440 1385 2505 Africa
1400 2439 1609 2504 proconsul
1626 2442 1749 2504 Scipio
1764 2441 1939 2506 misina,

1049 2509 1251 2570 quaternis
1272 2511 1358 2554 aeris
1395 2506 1564 2573 populo
1597 2525 1682 2554 cum
1691 2509 1846 2573 summa
1857 2508 1943 2572 fide

1052 2577 1113 2628 ὠ·
1133 2579 1272 2641 gratia
1295 2576 1530 2642 diviserunt.
1596 2576 1727 2623 Libro
1750 2592 1943 2626 XXX1V.

1052 2643 1207 2690 AEdiles
1256 2645 1413 2692 Curules
1461 2647 1588 2691 tritici
1625 2645 1750 2691 decies
1791 2659 1944 2694 centum

1053 2712 1172 2759 millia
1196 2711 1294 2760 binis
1316 2717 1402 2760 aeris
1424 2709 1592 2778 populo
1619 2713 1852 2778 diviserunt.
1867 2711 1946 2762 As-

1055 2783 1207 2827 conius
1240 2786 1286 2827 in
1329 2798 1426 2829 eam
1456 2797 1538 2847 pro
1580 2778 1772 2829 Milone:
1807 2788 1946 2830 Anno-

1194 2851 1327 2897 Xxx

1881 2867 1956 2897 na·
