2308 3217
373 145 508 202 IN
601 131 1585 196 PLUTARCHUM.

265 289 368 300 ---
405 270 462 310 De
482 262 603 306 Mina
633 275 712 305 una
735 258 898 304 deminui

109 338 234 386 Modo
272 338 435 399 quinque
467 346 649 382 nummos,
684 327 775 373 mihi
809 325 965 372 detraxi

199 415 351 469 partem
375 398 646 446 Herculanam.

108 478 215 520 Nam
245 470 313 517 hoc
343 466 492 531 affimile
531 465 595 529 est,
631 463 740 529 quali
766 462 812 508 de
830 460 964 525 fluvio

206 543 273 605 qui
295 554 434 602 aquam
454 535 615 581 derivat
627 531 706 595 fibi
721 550 734 576 .-

111 609 201 673 Nisi
222 609 440 659 derivetur,
476 616 603 649 tamen
630 603 750 647 omnis
785 617 830 646 ea
864 613 966 662 aqua

210 675 325 722 abeat
350 678 390 720 in
413 689 528 718 mare.

77 795 219 840 Vocat
242 793 406 856 quinque
431 804 614 841 nummos,
636 785 774 830 Minae
802 797 967 847 partem

78 855 387 913 Herculanam,
423 855 505 904 hoc
543 855 617 910 est,
655 851 884 906 decimam,
920 864 968 894 ut

77 932 206 975 nimis
239 926 415 975 constat.
499 922 579 970 Sed
625 923 751 967 Mina
793 933 968 964 centum

76 994 379 1044 drachmarum
402 992 499 1041 fuit.
573 988 732 1037 Plinius
759 984 832 1031 lib.
853 999 965 1031 XXI.

76 1083 167 1131 cap.
210 1061 392 1111 ultimo:
437 1064 545 1106 Mna
575 1056 719 1121 pendet
764 1052 969 1100 drachmas

75 1137 245 1180 Atticas
269 1144 432 1177 centum.
471 1123 621 1173 Pollux
658 1139 750 1187 cap.
789 1137 857 1168 vi.
880 1118 966 1193 lib.

79 1217 149 1247 1X.
199 1202 220 1255 ἦ
253 1201 364 1253 Μνοῖ
397 1195 427 1266 5
463 1195 521 1250 ῶς
565 1192 670 1260 πᾶς’
706 1187 969 1245 'Asamum

75 1270 226 1326 ἑκατὸν
251 1269 365 1338 εἶχεν
386 1266 614 1336 demands
631 1261 840 1318 ἈτἾικοίς·
873 1259 972 1307 (3Ῑέ-

81 1359 256 1408 opatra:
293 1343 314 1398 ἡ
353 1343 463 1394 Μνοῖ
500 1335 659 1392 ἈτἾικῆ
691 1337 784 1403 ’ἔχει
819 1334 971 1400 §syloe-3

80 1411 159 1476 rss'.
183 1411 236 1466 5‘.
252 1447 266 1467 ‚
304 1406 536 1477 δεριχμοίς
565 1405 615 1473 ξ’.
661 1408 796 1470 Igitur
824 1401 973 1450 decem

82 1477 309 1533 drachmae,
359 1474 426 1525 vel
480 1479 676 1542 quinque
726 1468 976 1519 didrachma

82 1562 183 1614 pars
198 1545 458 1601 Herculana,
494 1540 540 1590 id
568 1544 640 1601 est,
676 1539 841 1588 decima
879 1544 974 1586 uni-

83 1635 130 1664 us
170 1618 325 1663 Atticae
354 1618 482 1660 mina>
519 1609 625 1659 sunt.
696 1614 778 1657 Pro
833 1608 973 1664 uibus,

85 1701 189 1731 cum
210 1685 377 1750 quinque
402 1700 569 1729 nummos
600 1679 751 1728 dixerit
788 1628 975 1734 fflauttis,

85 1770 216 1800 nemo
254 1752 326 1810 est,
361 1755 440 1819 qui
478 1766 716 1797 nummum
746 1745 883 1794 valere
913 1750 977 1793 in-

84 1819 256 1868 terdurn
282 1817 548 1874 didrachmo,
585 1816 670 1865 five
692 1817 801 1863 binis
831 1814 979 1863 drach-

88 1893 182 1945 mis,
208 1905 281 1935 aut
307 1890 475 1935 oetonis
500 1883 584 1933 fere
611 1884 797 1932 sestertiis
824 1881 980 1948 ampli-

89 1975 136 2004 us
195 1955 290 2003 ossit
316 1954 506 2003 inficiari.
575 1957 891 2001 Verumtamen
927 1969 978 1997 eo

87 1974 201 2072 ίὲηίξίι
235 2041 445 2092 perquam
467 2041 574 2078 raro,
595 2030 639 2069 &
663 2017 838 2068 fortassis
865 2017 980 2084 apud

87 2091 193 2141 solos
209 2097 415 2140 Comicos
434 2091 568 2139 fateor
599 2087 861 2154 usurpatum.
887 2090 980 2134 Ne-

91 2180 176 2230 que
200 2177 324 2227 puto,
349 2161 609 2229 frequentius
633 2156 722 2206 assis
744 2155 843 2204 loco
869 2153 983 2221 pofi-

91 2247 185 2277 tum
214 2233 390 2295 reperire
417 2246 557 2297 queas.
616 2225 697 2275 Sed
726 2223 915 2289 positum
938 2241 981 2270 a-

89 2297 295 2366 liquando
323 2295 425 2346 hinc
460 2295 582 2352 disce,
618 2292 741 2363 quod
768 2311 872 2340 cum
909 2311 981 2339 ve-

91 2383 157 2413 tus
183 2364 248 2413 lex
279 2371 398 2413 Furia
422 2366 733 2413 testamentaria
759 2358 875 2408 mille
890 2359 982 2408 affi-

94 2451 172 2480 um
213 2432 399 2501 legatum
441 2431 664 2502 prohibeat
703 2449 874 2496 capere,
934 2448 982 2477 ut

95 2507 315 2549 Domitius
341 2501 601 2570 UlpianusJ.
621 2507 675 2547 C.
703 2498 812 2547 libro
837 2496 982 2565 fingu-

97 2567 170 2616 lari
202 2568 463 2637 Regularum
507 2568 779 2625 testificatur,
835 2564 983 2614 Theo-

95 2636 233 2702 philus
278 2637 543 2694 Anteceffor,
592 2643 669 2706 qui
711 2637 983 2683 'ustinianeas

96 2706 384 2753 Institutiones
409 2710 454 2753 in
481 2710 675 2753 Graecam
706 2655 900 2771 linguam
935 2723 984 2750 o-

95 2774 173 2823 lim
205 2773 426 2830 transtulit,
474 2786 516 2824 δε
561 2772 725 2840 planius
768 2792 816 2820 ac
855 2769 983 2821 fufius

165 2855 242 2900 Vo
255 2870 296 2901 L.

336 2854 413 2892 W,

1014 248 1253 315 explicavit,
1291 249 1402 298 istud
1427 249 1528 317 legis
1555 255 1685 297 Furiae
1707 251 1805 298 mille
1819 251 1906 312 affi-

1013 337 1089 373 um,
1108 319 1261 387 χιλίων
1287 319 1468 384 μέμμων
1489 315 1685 366 reddidit.
1707 316 1757 364 Id
1781 318 1903 386 quod

1013 384 1089 433 suis
1120 385 1485 434 observationibus
1520 385 1706 453 dignum
1745 388 1905 445 judica-

1012 459 1075 504 vit
1100 454 1262 523 Aquila
1292 452 1692 523 Jurisconsultorum
1720 456 1905 522 Jacobus

1016 527 1218 584 Cujacius
1244 521 1353 570 libro
1383 539 1496 570 XIX.
1523 540 1615 588 cap.
1645 539 1796 570 XXXI.
1835 526 1905 568 De

1014 588 1218 638 drachma
1245 609 1347 638 vero
1377 589 1583 656 fimplice,
1620 589 1686 638 vel
1715 587 1904 647 denario,

1015 676 1088 708 aut
1128 662 1341 727 quaternis
1376 658 1562 706 sestertiis
1603 658 1786 715 dietum,
1821 659 1905 707 scio

1016 746 1089 775 me
1133 732 1242 774 inter
1282 723 1514 793 legendum
1554 729 1744 774 auetores
1773 731 1906 774 etiam

1017 794 1265 845 cultiffimos
1286 791 1465 859 persaepe
1483 792 1831 840 animadvertisse.
1868 800 1908 842 1„

1017 863 1134 921 dem,
1169 867 1300 910 etiam
1326 865 1394 910 M.
1412 857 1548 908 Tullii
1574 858 1751 922 judicio,
1787 863 1909 909 refer-

1018 949 1084 979 tus
1119 932 1300 988 urbano,
1335 927 1570 997 ingeniosO,
1609 938 1653 976 δε
1680 926 1816 975 faceto
1840 948 1912 995 ge-

1018 1020 1116 1049 nere
1154 998 1342 1063 jocandi‚
1390 995 1560 1046 Plautus
1604 1001 1650 1045 in
1707 994 1913 1045 Pseudolo

1018 1072 1137 1117 Αᾶὶιι
1164 1087 1194 1116 1.
1230 1074 1361 1116 Scena
1387 1084 1418 1114 1.

1086 1168 1166 1174 ----
1191 1152 1302 1203 potes
1333 1138 1503 1204 <quaerit
1528 1132 1787 1190 Callidorus)
1812 1150 1914 1182 nunc

1157 1219 1328 1254 mutuam

1054 1276 1286 1322 Drachmam
1304 1275 1396 1321 dare
1413 1272 1505 1319 mihi
1534 1289 1664 1327 unam,
1686 1289 1800 1337 quam
1824 1290 1916 1319 cras

1155 1344 1312 1390 reddam
1338 1341 1439 1388 tibi?

1092 1408 1232 1459 Pseud.
1263 1416 1345 1458 Vix
1372 1423 1476 1457 certe
1502 1412 1643 1476 opinor,
1665 1409 1707 1473 fi
1735 1426 1791 1455 me
1812 1422 1919 1473 oppo-

1164 1497 1253 1526 nam
1275 1483 1442 1545 pignori.

1064 1549 1143 1594 Sed
1163 1548 1257 1612 quid
1280 1548 1325 1594 de
1345 1546 1529 1593 drachma
1547 1546 1685 1612 facere
1715 1547 1818 1590 vis?

1096 1614 1301 1663 Callidor.
1485 1643 1563 1653 ----
1596 1612 1723 1674 restim
1752 1612 1845 1659 volo

1066 1685 1178 1732 Mihi
1194 1701 1326 1731 emere.
1337 1679 1721 1748 Pseud.quamohrem
1731 1681 1751 1726 ἓ
1762 1677 1917 1727 Callid.

1165 1757 1232 1819 qui
1260 1770 1316 1799 me
1332 1750 1487 1818 faciam
1503 1751 1692 1816 penfilem.

1063 1830 1216 1870 Certum
1239 1819 1291 1880 est
1317 1818 1410 1866 mihi
1431 1832 1523 1866 ante
1552 1817 1731 1866 tenebras
1748 1814 1924 1883 persequi

1164 1888 1356 1936 tenebras.

1099 1955 1242 2005 Pseud.
1280 1961 1374 2019 Qus
1415 1955 1507 2001 mihi
1545 1957 1670 2020 igitur
1704 1952 1926 1999 drachmam

1173 2026 1322 2079 reddet,
1347 2024 1391 2087 fi
1413 2024 1579 2069 dederim
1613 2021 1720 2067 tihi?

1063 2103 1133 2142 An
1155 2109 1200 2142 tu
1225 2107 1264 2140 te
1288 2110 1334 2138 ea
1361 2092 1487 2155 cauſja
1524 2095 1593 2136 ‘vis
1615 2092 1749 2155 sciens
1759 2090 1924 2155 suspen-

1164 2164 1268 2218 dere,

1062 2240 1118 2279 Ut
1140 2250 1195 2278 me
1223 2229 1427 2295 defraudes
1465 2225 1664 2281 drachma,
1689 2225 1734 2289 fi
1757 2223 1923 2270 dederim

1167 2299 1267 2346 tibi?

1063 2369 1290 2436 Qidfles?
1330 2377 1415 2417 δίε.
1463 2361 1619 2413 Callid.
1649 2361 1744 2428 quid
1778 2379 1845 2426 ego
1881 2362 1923 2405 ni

1153 2437 1274 2500 fleam
1290 2439 1310 2483 ἓ

1064 2509 1132 2552 Cui
1154 2523 1224 2550 nec
1245 2519 1414 2570 paratus
1436 2519 1608 2550 nummus
1641 2501 1796 2564 argenti
1805 2498 1923 2562 fiet?

1031 2577 1085 2620 Et
1113 2574 1283 2638 postea:

1065 2646 1195 2688 Nimis
1228 2644 1339 2708 mifi’r
1367 2641 1472 2705 sum,
1508 2653 1697 2683 nummum
1744 2634 1928 2699 nusquam

1167 2715 1334 2776 reperire
1363 2708 1518 2772 argenti
1547 2723 1652 2770 queo.

1033 2783 1136 2830 Hoc
1179 2781 1252 2834 est,
1305 2776 1525 2824 drachmam
1556 2774 1724 2839 argenti,
1775 2786 1825 2818 ut
1862 2768 1932 2817 vel

1204 2850 1249 2893 Y
1266 2863 1292 2909 y
1308 2863 1336 2909 y
1819 2855 1935 2886 cacco
