2308 3217
333 137 447 216 &6

327 256 444 306 silio?
479 254 595 306 haud
618 272 776 303 temere
806 253 1017 302 dixerim:
1043 251 1135 302 casu
1165 269 1227 301 ta-

327 345 432 374 men
459 330 617 392 opinor
639 328 789 390 magis.
863 325 988 369 Nam
1018 326 1065 369 in
1094 321 1228 371 Caesa-

328 414 371 444 re
395 394 514 444 idem
540 411 644 441 cum
671 389 899 441 Plutarcho
941 389 1061 439 dixit.
1136 395 1230 439 Ne—

329 483 418 533 que
453 462 673 528 Xylander
711 465 953 529 quicquam
997 458 1115 507 ausus
1148 464 1232 507 ini-

329 550 510 582 ntutare.
582 535 681 580 Nos
715 527 953 579 Rhetorem
987 526 1128 595 ipsum
1171 532 1232 577 A-

330 601 582 668 pollonium
606 597 846 648 Molonem
885 597 1003 646 fuiffe
1030 602 1232 645 nomina-

332 688 429 719 tum
453 689 543 719 tam
571 686 737 717 certum
764 665 970 716 habemus
1004 685 1138 736 quani
1167 664 1233 714 lu-

332 758 425 788 cere
456 738 616 788 Solem.
652 738 802 788 Fabius
826 737 1012 785 Institut.
1043 734 1116 782 lib.
1139 752 1232 783 XII.

333 828 425 876 cap.
458 827 526 859 VI.
565 816 654 856 Cum
663 813 756 873 jam
784 808 931 855 clarum
958 807 1143 872 meruiffiet
1171 809 1232 851 in-

331 892 396 926 ter
407 892 610 944 patronos,
633 881 700 944 qui
729 890 811 924 tum
838 889 967 932 erant,
1004 893 1139 921 nomen
1162 879 1230 921 M.

332 949 491 1004 Tullius,
527 952 569 994 in
592 948 728 1011 Asiam
760 948 997 1009 navigavit,
1025 945 1145 1009 seque
1173 946 1234 997 ὠ·

332 1018 424 1064 aliis
439 1019 528 1082 fine
554 1014 665 1062 dubio
709 1013 932 1078 eloquentiae
961 1030 1009 1057 ac
1030 1014 1234 1076 sapientiae

333 1086 539 1151 magistris,
565 1083 645 1149 sed
655 1085 842 1148 praecipue
871 1093 1000 1127 tamen
1029 1080 1236 1144 Apollonio

332 1155 502 1210 Moloni,
537 1170 646 1219 quem
685 1156 810 1197 Rome
847 1167 994 1216 quoque
1034 1149 1232 1204 audierat,

332 1223 458 1269 Rhodi
481 1224 616 1288 rurfiis
634 1219 901 1287 formandum,
938 1237 987 1264 ac
1025 1217 1142 1265 ‘velut
1174 1235 1237 1264 re—

333 1292 567 1358 coquendum
589 1290 708 1336 dedit.
749 1291 976 1336 Suetonius
1002 1291 1049 1333 in
1078 1285 1237 1335 Caesare

332 1379 424 1427 cap.
453 1377 522 1408 rv.
559 1358 732 1406 Rhodum
755 1357 937 1425 secedere
959 1356 1124 1419 statuit,
1176 1359 1238 1411 ὠ·

335 1431 390 1476 ad
417 1429 684 1478 declinandam
725 1427 936 1482 invidiam,
989 1429 1049 1481 ὠ
1087 1436 1133 1471 ut
1166 1439 1239 1489 per

333 1503 452 1545 otium
477 1518 525 1545 ac
554 1500 722 1564 requiem
749 1495 955 1562 Apollonio
980 1492 1140 1540 Moloni
1155 1494 1239 1539 cla-

595 117 1883 216 J0.RUALn1AN1MADVERs

1274 249 1586 313 Quintilianus,
1626 259 1670 300 &
1697 256 1766 301 Μ.
1799 250 1986 312 Tullius,
2022 261 2101 326 qui
2125 277 2176 307 u-

1275 337 1355 368 nus
1371 318 1494 388 supra
1517 339 1670 369 omnes
1696 321 1823 371 debet
1842 321 1920 370 effe
1946 324 2072 374 nobis
2096 326 2176 379 hac

1277 387 1459 457 quidem
1484 395 1530 437 in
1568 409 1625 447 re,
1664 409 1757 439 non
1784 390 1900 440 aliter
1935 391 2038 444 solet
2075 416 2178 447 eum

1277 456 1499 525 appellare.
1551 459 1682 507 Libro
1720 457 1774 506 de
1812 459 1948 510 Claris
1979 467 2179 515 Oratori—

1278 526 1374 584 bus,
1414 546 1540 576 num.
1573 546 1765 577 cccvn.
1802 530 1943 576 Eodem
1977 551 2077 582 anno
2103 543 2179 584 eti-

1277 615 1341 643 am
1369 599 1526 646 Moloni
1553 597 1700 644 Rhodio
1739 603 1866 645 Rome
1904 601 2073 649 dedimus
2093 622 2179 671 opee-

1278 684 1381 723 ram,
1419 671 1479 723 &³
1513 667 1636 714 affori
1666 669 1817 733 stimmo
1855 669 2081 733 caussarum,
2119 674 2179 726 &³5⁹

1278 735 1471 802 magistro.
1532 733 1668 783 Paulo‘
1684 737 1810 803 post:
1847 739 1989 785 Eodem
2016 755 2183 808 tempore

1278 805 1437 852 Moloni
1478 805 1648 853 dedimus
1680 821 1829 874 operam
1915 809 2118 860 Dii'tatore
2142 833 2181 860 e-

1279 878 1357 920 nim
1389 875 1497 944 Sylla
1523 876 1677 942 legatus
1706 876 1762 922 ad
1786 879 1973 924 Senatum
2003 879 2049 927 de
2076 881 2183 929 Rho„

1279 944 1427 990 diorum
1451 948 1615 1009 praemiis
1634 959 1816 993 venerat.
1891 948 2064 996 Postea:
2088 956 2184 1014 βρί-

1280 1010 1350 1058 bus
1373 1031 1449 1059 non
1475 1028 1680 1062 contentus
1699 1014 1874 1062 Rhodum
1904 1021 2015 1073 veni,
2053 1038 2185 1086 meque

1280 1081 1337 1125 ad
1357 1083 1528 1138 eundem,
1543 1102 1653 1148 quem
1668 1088 1793 1131 Romae
1813 1086 2064 1145 audiveram,
2083 1094 2183 1137 Mo-

1281 1147 1402 1195 lonem
1428 1152 1643 1215 applicavi,
1680 1172 1765 1199 cum
1791 1154 1967 1203 acfi'orem
2004 1161 2046 1202 in
2069 1164 2185 1207 ‘veris

1283 1236 1357 1264 cau
1385 1236 1420 1265 ts
1434 1221 1740 1286 scriptoremque
1759 1222 2019 1286 praestantem,
2036 1240 2119 1273 tum
2142 1232 2185 1275 in

1282 1287 1466 1333 notandis
1490 1290 1927 1355 animadvertendisque
1953 1295 2090 1350 vitiis,
2124 1299 2186 1351 ὠ»

1281 1354 1511 1417 instituendo
1531 1356 1771 1422 docendoque
1788 1359 2130 1422 prudentiffi'mum.
2143 1371 2186 1412 Is
2235 1369 2240 1372 ’

1284 1423 1448 1470 dederat
1476 1439 1626 1490 operam
1659 1427 1722 1490 (si
1741 1426 1848 1473 modo
1875 1428 1919 1474 id
1929 1432 2107 1497 consequi
2114 1449 2186 1499 po—

1285 1496 1385 1549 tuit)
1416 1507 1462 1540 ut
1489 1497 1604 1540 nimis
1634 1495 1896 1542 redundantes
1926 1517 1996 1544 nos
2022 1504 2081 1555 ὠ
2111 1504 2187 1567 su„-

335 1567 471 1631 riffi'mo
501 1582 596 1614 tunc
619 1565 772 1613 dicendi
797 1563 973 1629 magistro
991 1577 1138 1627 operam
1168 1562 1239 1607 da-
1277 1561 1514 1626 perfluentes
1526 1565 1710 1627 juvenili
1736 1566 1901 1630 quadam
1939 1568 2091 1616 dicendi
2115 1575 2187 1618 ima

335 1650 429 1696 ret„
486 1639 582 1683 Nec
625 1638 745 1680 enim
780 1631 972 1680 Isaacum
1021 1628 1241 1677 Casaub02
1278 1635 1463 1695 punitate
1491 1636 1552 1688 ὢν
1581 1632 1740 1680 licentia
1755 1638 1993 1700 reprimeret,
2009 1641 2192 1706 &quasi

337 1723 448 1752 num
487 1701 754 1752 audiendum
789 1699 859 1748 hic
897 1697 1060 1755 censeO,
1097 1697 1241 1767 legen-

337 1791 427 1821 tem
455 1774 659 1839 Apollonio
684 1772 876 1825 Molonis,
915 1785 964 1815 ut
998 1765 1163 1816 Molon
1190 1767 1241 1816 fit

337 1841 567 1909 Apollonii
597 1858 727 1907 pater.
802 1843 925 1886 Nam
957 1854 1243 1906 praeterquam

338 1909 463 1978 quod
491 1912 694 1976 Apollonio
727 1909 905 1955 Molonis
935 1911 1092 1954 Graeco
1119 1924 1243 1954 more

341 1980 442 2036 dici,
482 1997 530 2027 ut
559 1976 755 2027 Molonis
793 1975 845 2024 s1t
874 1973 986 2023 filius
1014 1972 1245 2040 Apolloni-

344 2067 406 2105 us,
448 2053 517 2096 vix
535 2044 614 2096 fert
640 2064 832 2113 receptus
861 2048 1011 2093 Latine
1036 2041 1245 2111 loquendi

342 2116 452 2174 usuS,
471 2122 516 2164 in
546 2120 753 2164 Suetonio
783 2112 1030 2181 praesertim,
1048 2117 1247 2179 quicum

345 2192 490 2254 paucis
538 2190 686 2233 Latine
728 2186 912 2252 perbene
953 2181 1161 2250 loquitur,
1201 2200 1248 2231 nt

347 2255 465 2304 doen
502 2254 659 2312 sciunt·²
698 2262 741 2300 ὃς
785 2271 940 2300 omnes
982 2269 1086 2298 cum
1128 2256 1246 2319 regii,

348 2343 444 2373 tum
471 2321 540 2373 alii
569 2341 703 2370 manu
729 2320 868 2387 scripti
898 2324 1150 2368 Suetoniani
1177 2339 1250 2368 co—

283 2432 285 2434 .
350 2395 463 2443 dices
487 2393 642 2440 Assoloni
665 2395 711 2438 in
736 2394 862 2438 tertio
891 2389 985 2437 casu
1009 2388 1183 2445 habent,
1203 2408 1251 2437 ut

351 2467 491 2515 ssffolon
522 2478 773 2529 cognomen
802 2457 882 2506 sit:
918 2456 1167 2506 Plutarchus
1187 2456 1251 2507 lo-

352 2554 419 2593 co,
457 2549 591 2601 quem
625 2546 868 2577 extremum
895 2525 1103 2593 adscripsi,
1143 2525 1252 2575 clare

351 2602 528 2657 indicat,
568 2610 611 2648 δε
655 2596 865 2647 Caefioerem
910 2607 953 2645 &
993 2601 1252 2645 Ciceronem

350 2672 490 2721 eidem
526 2666 767 2735 Apollonio
794 2665 943 2716 Rhodi
971 2684 1148 2733 operam
1178 2686 1251 2714 na-

351 2744 516 2791 vaviffe.
550 2737 630 2785 Sed
653 2735 779 2785 illum
804 2737 1004 2783 Molonem
1032 2734 1150 2782 fuiss'e
1179 2754 1252 2783 co-

347 2815 676 2881 gnominatum,
706 2815 750 2857 δε
778 2802 906 2878 plane
935 2802 1075 2854 modo
1100 2801 1254 2855 docuit

1286 1714 1404 1747 extra
1434 1704 1540 1766 ripas
1567 1702 1786 1767 diffluentes
1815 1712 2020 1754 coerceret.
2070 1711 2188 1758 Eun-

1288 1766 1392 1815 dem
1418 1768 1534 1827 alibi,
1571 1788 1721 1819 con-tra
1745 1791 1793 1820 ac
1823 1770 2001 1822 credidit
2032 1776 2187 1826 Casan-

1290 1836 1446 1895 bonus,
1484 1838 1779 1906 Apolloni-um
1805 1860 1945 1890 vocat.
1993 1849 2045 1892 In
2072 1862 2102 1892 1.
2135 1846 2188 1895 de

1290 1911 1492 1963 Oratore,
1514 1927 1557 1955 n.
1583 1925 1728 1957 LXXI.
1765 1915 1859 1957 Haec
1883 1930 1967 1958 cum
1991 1932 2058 1979 ego
2085 1921 2190 1962 Prae-

1290 1989 1353 2021 tor
1378 1976 1551 2023 Rhodum
1577 1980 1772 2044 veniſjem,
1823 1982 1884 2032 &
1928 1999 2012 2027 cum
2040 1984 2189 2048 summo

1291 2045 1356 2092 illo
1382 2045 1531 2092 deflare
1553 2044 1662 2108 istius
1688 2047 1894 2113 discipline
1910 2051 2128 2114 Apollonio,
2145 2073 2190 2100 ea

1292 2132 1375 2186 quae
1407 2131 1432 2158 a
1460 2119 1633 2161 Panaetio
1665 2132 1900 2181 acceperam,
1948 2121 2188 2185 contulzffim.

1295 2182 1438 2229 Inna:
1475 2189 1532 2230 Ut
1553 2183 1706 2230 dicebat
1735 2186 1977 2245 Apollonius.
2027 2192 2125 2238 Nec
2149 2209 2190 2237 e-

1295 2255 1389 2298 nim
1414 2256 1615 2308 occurrit,
1653 2246 1910 2302 unde‘hunc
1939 2253 2074 2304 alium
2117 2260 2192 2307 esse

1294 2321 1348 2368 ab
1389 2321 1470 2367 isto
1511 2319 1699 2369 Molone
1742 2321 1880 2370 valide
1922 2321 2189 2390 suspicemur.

1298 2387 1385 2438 Etsi
1411 2389 1464 2438 acl
1488 2389 1736 2456 praesentem
1761 2393 2047 2460 quaestionem
2069 2395 2115 2445 id
2129 2402 2194 2445 ni-

1297 2457 1356 2508 hil
1385 2464 1550 2507 attinet.

1369 2527 1570 2590 Ejusdem
1596 2527 1790 2577 Molonis
1822 2539 1865 2577 &
1893 2529 1981 2579 aliis
2011 2537 2057 2580 in
2091 2532 2194 2584 locis

1298 2593 1425 2644 video
1450 2603 1708 2646 Ciceronem
1738 2601 1988 2656 meminiffe,
2021 2611 2065 2649 ὃς
2091 2623 2194 2651 cuin

1299 2671 1385 2728 ejus
1410 2665 1533 2715 laude
1573 2672 1684 2714 circa
1713 2687 1876 2715 nomen
1912 2668 2038 2735 ipsius
2080 2670 2195 2721 haud

1298 2737 1521 2784 invenuste
1548 2734 1682 2784 lufiffe
1707 2736 1894 2803 Epistola
1922 2756 1952 2785 1.
1984 2737 2056 2786 lib.
2073 2741 2194 2789 11.ad

1299 2807 1535 2855 Atticum:
1583 2811 1786 2856 Favonius
1820 2809 2034 2874 accusavit
2074 2810 2194 2873 Nast-

2112 2897 2194 2925 cam
