2308 3217
334 130 451 214 546

385 251 638 319 Utrobique
660 266 808 298 autem
836 264 1006 316 pugnat
1031 264 1134 317 cum
1151 265 1223 295 ve-

320 327 444 371 ritate
484 317 745 376 Plutarchus,
796 317 841 366 id
879 318 954 374 est,
990 333 1223 384 utramque

320 391 539 440 summam
572 394 765 437 immane
807 402 1028 456 quantum
1057 385 1224 433 excedit

320 460 393 509 illa
429 462 626 529 pecunia,
661 474 798 525 quam
833 455 950 522 apud
981 456 1092 502 Mar.
1128 456 1223 503 An-

321 534 499 578 tonium
520 527 757 594 Calpurnia
780 523 883 574 caeso
912 528 1066 572 marito
1090 520 1223 590 depo-

321 598 414 647 suit.
484 601 581 645 Fuit
622 613 813 664 namque
847 591 919 641 illa
959 590 1103 660 septies
1124 590 1225 640 mil-

322 666 417 725 lies·,
453 682 502 714 ut
524 664 577 713 ab
614 665 861 713 auetoribus
895 661 996 711 fidei
1031 658 1224 727 locuple-

324 734 492 783 tiffimae
515 734 719 782 testatum
740 732 961 783 habemus.
1033 728 1222 779 Velleius

321 799 565 852 Paterculus
601 807 650 861 in
697 819 751 855 11,
788 802 1080 850 Historiarum
1125 817 1221 866 cap.

323 889 407 921 LX.
445 866 670 938 &stertium⁸
680 871 830 939 fipties
856 871 991 919 millies
1021 870 1224 935 depositum

322 960 348 988 a
371 945 460 989 Caio
500 941 645 1007 Caefhre
677 941 733 987 ad
774 940 889 985 aedem
919 942 1025 1002 Opis,
1060 954 1226 1003 occupa-

320 1023 406 1057 tum
440 1009 490 1057 ab
526 1011 716 1056 Antonio.
788 1003 1037 1055 Hadrianus
1069 1009 1224 1073 Junius

322 1074 772 1126 Aniniadverfionum
795 1073 869 1123 lib.
901 1091 971 1124 1v.
989 1090 1081 1139 cap.
1109 1091 1161 1122 x.
1178 1079 1225 1123 in

323 1143 409 1193 hoc
449 1142 606 1192 Velleii
634 1143 735 1193 loco
773 1143 923 1210 induci
952 1141 1107 1190 debere
1147 1163 1226 1193 vo-

321 1233 418 1262 cem
455 1214 580 1262 istam
602 1215 750 1280 septies
792 1212 1033 1269 contendit,
1069 1231 1093 1260 a
1128 1212 1226 1261 Plu-

322 1281 473 1331 tarcho
494 1280 647 1330 {cilicet
672 1280 822 1330 induci
859 1280 896 1330 se
918 1285 1049 1329 nimis
1073 1279 1225 1329 credu-

322 1348 388 1398 lus
417 1351 564 1418 paffus.
602 1368 706 1399 nam
736 1351 789 1399 ab
815 1349 1025 1399 hodierno
1051 1349 1223 1398 Velleio

322 1421 435 1468 stant
460 1429 503 1468 ὃς
519 1437 672 1467 omnes
692 1421 846 1468 vetusti
866 1419 1048 1476 codices,
1087 1426 1131 1465 &
1149 1420 1219 1466 M.

323 1486 497 1537 Tullius
530 1493 704 1546 Cicero,
741 1493 819 1558 qui
846 1507 897 1536 ex
919 1506 972 1535 eo
995 1486 1222 1536 latrocinio

320 1574 496 1623 accepta
520 1556 745 1605 occasione
776 1555 1034 1623 ampliffima
1067 1552 1223 1602 invidi-

322 1642 396 1671 am
423 1624 668 1694 odiumque
688 1623 968 1673 contrahendi
995 1629 1062 1672 M.
1079 1627 1222 1672 Anto-

321 1697 415 1750 nio,
430 1694 613 1742 eandem
631 1700 843 1763 integram
855 1692 1071 1741 summam
1086 1691 1223 1741 asserit

324 1760 600 1821 disertissime,
618 1781 665 1812 ut
696 1782 771 1830 per
786 1781 885 1810 eum
903 1781 1042 1811 unum
1062 1771 1107 1810 &
1124 1759 1222 1811 Plu—

323 1829 489 1888 tarcho,
519 1840 562 1878 &
586 1836 738 1902 Junio,
762 1840 805 1879 &
836 1836 908 1880 cui
932 1829 1001 1879 alii
1029 1850 1223 1900 cumque

325 1916 433 1945 nota
461 1900 800 1971 παρθϋίματος
817 1905 927 1948 inuri
949 1907 1042 1963 jure
1066 1907 1222 1949 merito

323 1966 466 2033 poffit.
482 1973 547 2016 Sic
560 1968 628 2017 ille
640 1969 892 2038 Philippica,
908 1968 1094 2018 volvitur
1104 1989 1127 2017 a
1136 1974 1225 2036 pri-

326 2052 400 2083 ma
414 2055 512 2106 quae
533 2043 747 2106 proxima,
762 2056 948 2088 numero
967 2056 1115 2089 xcm.
1151 2038 1228 2086 Ubi

601 125 1157 213 J0.RUALD1
1218 123 1888 188 ANIMADVERS.

1277 245 1624 312 qslsbptiesmillies
1636 247 1870 315 sestertium,
1886 249 1993 316 quod
2010 251 2179 302 intabu-

1277 315 1342 372 lis,
1379 334 1463 382 quae
1490 318 1592 383 sunt
1625 318 1682 364 ad
1724 321 1831 383 Opis,
1860 318 2058 384 patebat?
2093 324 2175 368 Ite-

1277 401 1377 431 rum
1400 382 1639 452 Philippica
1663 403 1711 435 v.
1742 403 1866 435 num.
1893 404 1965 436 xi.
2001 389 2079 437 Illa
2101 408 2178 437 <ve-

1276 469 1321 500 ro
1343 453 1530 520 diffipatio
1545 453 1884 520 pecuniaepublicae
1908 457 2071 519 ferenda
2091 459 2183 507 nul-

1277 522 1315 569 lo
1338 524 1444 571 modo
1468 523 1536 588 est,
1564 539 1636 590 per
1660 541 1777 589 quam
1793 518 2015 590 sestertium
2030 529 2180 592 septies

1278 592 1416 640 millies
1431 593 1550 660 falsis
1568 594 1982 660 perfiriptionibzgfque
2022 601 2182 644 avertit

1281 661 1539 720 (Antonius)
1563 674 1609 709 ut
1625 666 1802 728 portenti
1827 663 1955 728 fimile
1989 664 2182 712 ‘videatur

1277 742 1436 778 tantam
1449 734 1654 798 pecuniam
1674 735 1804 798 populi
1825 738 1932 780 Rom.
1955 746 2040 780 tam
2065 732 2183 780 brevi

1277 810 1442 865 tempore
1461 805 1588 867 perire
1617 802 1791 868 potuiffb.
1864 805 2012 868 Septies
2044 803 2183 850 millies

1278 865 1506 936 respondet
1565 870 1821 936 Myriadum
1875 867 2183 938 septemdecim
2251 934 2254 935 ⁷

1279 936 1484 999 millibus,
1517 945 1790 1010 quingentis:
1829 939 2066 989 Talentum
2102 958 2186 989 una

1279 1005 1510 1076 detriginta
1534 1007 1742 1068 millibus,
1778 1026 1960 1058 centum
1991 1005 2186 1077 sexagins

1281 1091 1325 1122 ta·
1351 1075 1417 1125 sex
1438 1095 1544 1126 cum
1559 1078 1678 1127 beffe.
1717 1083 1854 1147 Igitur
1878 1083 2022 1127 minus
2043 1096 2186 1147 quam

1282 1150 1478 1210 oportuit
1497 1146 1604 1195 dixit
1632 1146 1898 1205 Plutarchus,
1932 1152 1979 1196 in
2003 1151 2183 1196 Ciceroz

1282 1230 1338 1260 ne
1360 1211 1557 1282 quidem,
1575 1231 1663 1264 xv.
1691 1216 1880 1265 millibus
1906 1213 2179 1279 Myriadum‚

1280 1300 1410 1329 xxxv.
1432 1280 1622 1330 millibus
1643 1283 1869 1348 talentum,
1884 1282 2036 1330 millies
2050 1290 2182 1352 quina

1279 1354 1441 1415 genties
1478 1355 1665 1398 centenis
1718 1351 1910 1399 millibus
1957 1349 2186 1402 drachma-⁷

1279 1434 1394 1475 tum,
1430 1436 1521 1468 x1v.
1555 1416 1854 1469 millionibus:
1891 1429 1937 1469 ὃς
1966 1425 2182 1490 quingen-

1280 1490 1332 1533 tis
1368 1485 1560 1535 millibus
1589 1493 1909 1537 *Scutatorumz
1947 1494 1998 1537 In
2038 1493 2185 1538 Anto--

1279 1559 1356 1602 nio
1398 1573 1500 1605 vero
1561 1556 1818 1622 Myriadum
1857 1577 1929 1607 xv.
1972 1555 2178 1617 millibus,

1278 1640 1482 1686 centum3
1534 1624 1773 1676 Talentum
1824 1647 1928 1677 xxv.
1971 1625 2178 1686 millibus,

1282 1711 1456 1744 CLXVI.
1475 1713 1580 1743 cum
1604 1695 1713 1744 besse
1727 1724 1737 1756 3
1751 1694 2055 1748 drachmarum
2082 1695 2184 1745 mil-

1277 1760 1350 1810 lies
1379 1769 1654 1834 quingenties
1682 1764 1818 1816 decies
1853 1785 2032 1815 centum
2051 1764 2182 1814 milli-

1279 1832 1385 1892 bus;
1416 1839 1692 1883 Scutatorum
1722 1841 1904 1885 Franciae
1933 1833 2179 1884 Solatorum

1280 1918 1371 1949 x1v.
1396 1901 1678 1961 millionibus‚
1696 1903 1886 1954 millibus
1910 1919 2175 1954 mxxxin.

1284 1986 1584 2021 cccxxx111.
1611 1978 1775 2023 triente.
