2308 3217
406 141 544 201 IN
634 127 1644 194 PLUTARCHUM..

111 285 168 324 te,
205 283 290 314 una
316 279 419 311 cum
435 261 590 326 pueri&
625 254 805 314 senibus,
823 262 868 304 δε
899 269 998 300 mu-

111 333 306 389 lierculis,
333 346 430 398 quae
455 344 598 395 neque
624 323 757 373 adesse
783 337 994 390 poterant,

112 420 249 471 prope
272 397 440 449 infinita
466 391 706 446 multitudo
730 391 823 444 fuit.
895 394 1001 438 Prae-a

114 487 229 521 tereo
251 464 374 536 quod
400 481 591 513 extremo
619 479 712 528 cap.
744 478 795 510 11.
825 464 1000 527 Regum

114 535 336 605 proditum
361 531 559 601 legimus³
593 535 641 580 in
670 527 1002 584 Palaestina-,tan-

113 603 201 655 tula
226 606 464 672 provincia,
500 598 718 653 Davidem
756 594 865 649 olim
905 613 1003 648 cen*

116 671 231 721 suiffe
259 673 394 719 millies
422 670 522 717 mille
549 672 610 726 (ὗε
626 681 783 716 trecena
804 665 924 716 millia
937 667 1006 715 ‹vi-

116 760 244 790 rorum
273 740 455 806 fortium,
491 740 556 804 qui
584 736 786 786 educerem*
817 734 1006 800 gladium,

119 807 165 857 id
205 809 277 865 est,
314 803 425 856 bello
462 821 538 873 per
576 821 744 854 aetatem
786 818 1002 868 aptorum.

121 879 281 944 Neque
308 892 453 924 tamen
492 871 565 923 sub
594 890 695 923 eum
735 869 909 922 censum
936 887 1009 917 ve*

120 960 275 993 nei-unt
314 941 452 992 hostes
481 939 691 997 Philistaei,
739 956 832 990 non
869 939 1005 998 Tyrii,

119 1030 213 1061 non
240 1010 372 1060 tribus
399 1013 638 1072 Beniamin,
677 1025 769 1057 non
794 1007 929 1070 pueri,
954 1002 1010 1054 se-

120 1098 210 1138 nes,
247 1077 455 1137 mulieres,
492 1081 628 1127 caeteri
654 1091 745 1123 non
776 1076 904 1124 aetatis
927 1075 1011 1121 rni-

120 1144 262 1204 litaris,
333 1150 376 1194 ui
404 1162 553 1195 omnes
590 1140 660 1190 ina
687 1138 884 1193 tredecies
913 1158 1013 1189 cen-

121 1231 221 1264 tena
247 1212 395 1269 milia,
431 1215 675 1280 quinquie5‚
690 1208 813 1261 sexies
846 1227 1014 1276 aequare

122 1281 242 1331 facile
267 1281 507 1347 potuissent.
576 1276 700 1339 Qud
724 1294 854 1341 porro
886 1280 1016 1325 mira-

128 1348 239 1399 bile?
273 1346 343 1397 vel
368 1365 454 1395 una
481 1346 579 1394 urbs
606 1364 657 1395 ex
693 1342 865 1393 famosis
891 1341 1017 1393 hodi-

129 1422 237 1466 ernis
262 1413 444 1482 amplius
471 1412 609 1481 poffit.
648 1417 829 1464 Cairum
856 1416 1018 1479 AEgyp-

129 1489 163 1533 ti
193 1495 422 1545 (veterum,
460 1499 507 1530 ut
541 1479 740 1537 creditur,
778 1478 1018 1546 Memphis)

130 1552 357 1622 septuagies
396 1568 572 1600 centena
603 1547 737 1600 millia
788 1547 1023 1597 hominum

133 1639 353 1673 numerare
381 1621 521 1668 fertur.
593 1619 654 1666 At
682 1621 881 1665 Sinarum
913 1622 1026 1685 regia

135 1689 234 1738 urbs
255 1693 434 1750 (Suntien
459 1684 524 1736 vel
551 1690 724 1754 Qinzai
758 1683 906 1753 lingua
940 1684 1024 1742 sua,

135 1756 254 1826 quasi
282 1758 364 1804 coeli
387 1761 609 1812 civitatem,
645 1761 818 1811 vocant)
849 1751 1030 1803 familia-

135 1843 235 1874 rum
255 1823 348 1892 plus
361 1821 689 1891 sesquimillione
711 1821 944 1888 speetabilis
957 1824 1028 1870 est.

139 1898 182 1941 Si
204 1891 367 1941 bellum
394 1889 458 1947 sit,
495 1909 587 1938 non
610 1894 755 1937 minus
778 1889 953 1938 ducenis
967 1909 1031 1937 ar-

140 1978 359 2009 matorum
387 1957 577 2007 millibus
602 1962 712 2026 Regi
733 1955 1031 2006 subministrat.

140 2032 208 2077 Ut
228 2028 457 2096 Augustaea
488 2033 647 2083 Roma,
668 2043 876 2094 quantam
895 2044 1034 2096 quan-

142 2113 233 2145 tam
248 2102 293 2143 in
315 2114 361 2143 ea
379 2093 613 2142 hominurn
636 2093 918 2163 frequentiam
937 2113 1035 2142 cen-

140 2163 264 2213 sitam
292 2161 410 2211 fuisse
433 2163 630 2219 dicimus,
647 2181 733 2230 prae
756 2156 1036 2231 hfissvo'mya'v-

144 2237 495 2301 &pfflnQJmeque
510 2229 737 2280 cultissima
749 2228 884 2279 videri
896 2229 1034 2297 p'offit.

210 2299 375 2357 Suidzw,
415 2309 458 2347 δε
502 2304 581 2368 qui
617 2317 718 2346 eum
753 2298 948 2356 audiunt,
986 2318 1037 2346 eo

150 2373 288 2417 minus
315 2367 535 2417 excusandi
571 2372 766 2423 veniunt,
803 2364 924 2436 quod
950 2386 1039 2420 non

150 2438 324 2501 puberes
354 2435 558 2484 duntaxat
590 2446 632 2484 δε
673 2440 785 2485 viros
825 2432 1039 2493 militares,

151 2503 257 2552 ficut
282 2503 438 2552 Davidi
463 2504 635 2571 placuit,
674 2502 741 2551 sed
768 2522 920 2552 omnes
947 2522 1043 2552 om-

153 2577 218 2619 nis
250 2575 376 2619 aetatis
404 2570 601 2641 sexusque
634 2572 833 2621 homines
876 2582 1043 2638 (praeter

154 2638 289 2687 servos
316 2657 363 2688 ac
392 2646 648 2707 peregrinos)
668 2640 853 2707 Republ.
872 2658 961 2689 tam
976 2660 1048 2691 ve-

157 2724 242 2754 tere
268 2724 403 2775 quam
433 2725 547 2756 nova
568 2713 758 2757 Romani
773 2708 930 2757 censere
943 2728 1048 2757 con-

155 2773 385 2845 sueverant.
455 2774 506 2824 ld
546 2794 571 2823 a
608 2776 823 2843 Dionysio
854 2774 1048 2826 Halicar-

1822 142 1926 200 521

1044 245 1217 294 nasse—nsi
1247 265 1316 296 xv.
1343 247 1695 316 Ἀξχιαολογιάς
1719 245 1934 314 perspicue

1045 317 1163 368 doe‘ci
1192 319 1346 374 sumus
1419 326 1532 370 Facit
1567 321 1720 369 nobilis
1751 319 1821 368 hic
1848 326 1933 369 Hi-

1046 389 1218 437 storicus
1235 389 1377 443 census
1403 393 1593 438 Romani
1617 394 1836 443 au&orem
1846 395 1937 440 Set-

1046 461 1170 504 v-ium
1198 456 1397 506 Tullium
1431 476 1591 527 regem,
1662 476 1761 507 uem
1799 462 1857 506 ait
1894 477 1937 505 e-

1048 528 1153 576 tiam
1190 527 1409 578 rusticanae
1451 477 1738 580 multituginis
1783 543 1938 574 nume-

1049 611 1148 641 rum
1185 594 1360 652 inivisse,
1407 595 1528 658 jusso,
1573 611 1622 642 ut
1660 593 1938 663 Paganalibus

1053 660 1232 722 (sacr-um
1272 659 1389 708 diem
1423 682 1446 710 a
1486 668 1605 730 pagis
1640 667 1699 713 ita
1741 668 1940 715 nomina,-

1053 737 1171 786 runt)
1199 735 1355 798 pagani
1383 747 1535 780 omnes
1559 729 1644 778 five
1680 729 1873 785 ruricolae
1895 736 1942 780 in

1053 796 1221 867 singula
1247 798 1386 864 capita
1407 813 1573 849 certum
1596 798 1860 847 numismatis
1873 818 1945 867 ge*

1053 885 1132 914 nus
1159 866 1495 923 contribuerent‚
1529 863 1597 912 sed
1634 862 1751 912 aliud
1776 871 1870 924 viri,
1903 887 1946 914 a—

1052 931 1144 982 liud
1171 932 1381 990 mulieres,
1416 931 1533 985 aliud
1561 934 1827 1000 impuberes:
1884 939 1949 980 ui-

1057 1002 1136 1052 bus
1178 1008 1369 1051 nummis
1398 1020 1473 1068 per
1505 1000 1719 1050 sacrorum
1758 1019 1843 1068 prae
1865 999 1950 1056 ides

1057 1070 1349 1127 dinumeratis,
1388 1087 1573 1139 quantus
1609 1072 1705 1118 effet
1746 1074 1952 1119 omnium

1058 1141 1317 1192 rusticorum
1365 1157 1569 1187 numerus
1595 1156 1669 1206 per
1706 1137 1822 1186 flexus
1858 1156 1954 1188 aeta-

1063 1207 1205 1278 resque
1231 1207 1454 1263 distinetus
1482 1205 1828 1276 cognoscebatur.
1864 1204 1957 1259 Ad-

1064 1274 1128 1326 dit
1153 1296 1253 1329 eum
1281 1295 1390 1344 pene
1411 1295 1591 1346 quoque
1614 1281 1703 1342 pari
1722 1280 1885 1324 ratione
1898 1275 1957 1324 ef-

1066 1342 1216 1401 fecisse,
1254 1364 1301 1393 ut
1335 1345 1380 1392 id
1419 1343 1560 1412 ipsum
1603 1349 1649 1392 in
1675 1345 1778 1392 urbe
1803 1342 1959 1392 intelli-

1067 1430 1245 1480 geretur,
1279 1416 1490 1470 instituto,
1530 1431 1576 1462 ut
1599 1431 1680 1480 pro
1701 1411 1961 1461 nascentibus

1069 1485 1115 1528 in
1144 1486 1338 1537 aerarium
1363 1480 1539 1545 Ilithyiae
1563 1481 1649 1529 five
1672 1485 1846 1529 Lucina:
1873 1500 1962 1529 cer-

1072 1553 1104 1595 ti
1141 1554 1267 1615 pretii
1306 1554 1482 1598 nummi
1519 1547 1544 1595 ῑὶ
1588 1554 1842 1617 propinquis
1889 1547 1962 1596 de-

1073 1614 1293 1674 ferrentur,
1338 1623 1383 1666 in
1422 1621 1597 1666 Veneris
1639 1634 1712 1664 aut
1749 1616 1962 1674 Libitinae,

1074 1703 1155 1752 pro
1185 1685 1483 1742 morientibus,
1511 1691 1555 1733 in
1575 1690 1820 1755 Juventutis
1846 1684 1967 1733 deni-

1076 1773 1175 1822 que,
1212 1772 1293 1820 pro
1315 1758 1364 1801 iis
1388 1759 1464 1823 qui
1487 1760 1532 1802 in
1558 1759 1669 1802 viros
1690 1751 1967 1802 adscriberen-

1078 1839 1158 1870 tur.
1232 1828 1312 1870 His
1342 1828 1400 1871 ita
1437 1824 1647 1879 institutis,
1682 1827 1740 1869 ait
1770 1821 1970 1886 Dionyfi-

1080 1913 1142 1951 118,
1159 1896 1390 1949 c'svoe'moo-sn
1417 1894 1612 1952 ot‘mv'lac
1634 1895 1854 1962 Ῥωμοάὸς
1864 1900 1970 1949 >Im-

1081 1967 1341 2037 γρρέφεοῧοά
1371 1993 1418 2023 τε
1447 1971 1480 2044 ²3}
1517 1973 1693 2037 τιμοῖεῧς
1718 1969 1806 2024 τοῖς
1837 1969 1971 2026 tio-lm

1082 2043 1193 2113 πρές
1227 2043 1459 2111 α’ςγύειον,
1496 2044 1686 2112 πατέξων
1727 2066 1773 2096 τε
1814 2040 1869 2096 ὧν
1891 2046 1973 2096 εἰσ-ι

1085 2115 1350 2186 γϋίφοιῧοις,
1387 2115 1611 2188 ιρἧικίαν
1641 2115 1701 2171 [ιῦ
1734 2119 1869 2185 {xum
1900 2119 1975 2175 θη-

1084 2188 1250 2249 afflata
1289 2191 1524 2258 γιωοὲἲκοίς
1550 2214 1612 2250 τε,
1638 2189 1673 2263 13⁸,
1700 2192 1871 2247 ndc'ffloec
1889 2191 1975 2244 ὀνο,

1085 2261 1315 2332 μείζον’)ας,
1354 2274 1436 2313 δεε.
1486 2269 1577 2326 Qi
1605 2283 1695 2313 non
1724 2269 1873 2315 omnia
1899 2265 1979 2312 bo-

1087 2356 1142 2389 na
1166 2343 1212 2390 in
1236 2337 1407 2386 censum
1431 2336 1735 2397 detuliffer,aut
1760 2341 1807 2385 in
1836 2335 1977 2406 aliqua

1089 2409 1166 2460 alia
1206 2430 1250 2459 re
1277 2408 1492 2469 fefellissiet‚
1526 2410 1594 2461 vei
1630 2410 1759 2458 fiebat
1796 2413 1977 2467 aerarius,

1091 2495 1136 2535 δε
1177 2489 1224 2533 in
1256 2489 1466 2535 Caeritum
1506 2483 1666 2534 tabulas
1709 2482 1976 2541 referebatur,

1091 2557 1160 2607 vel
1197 2558 1320 2607 caesus
1360 2563 1489 2628 virgis
1518 2558 1705 2609 vaenibat
1738 2555 1820 2622 ipse
1847 2558 1982 2605 bona-

1095 2652 1181 2702 que
1199 2630 1328 2690 illius,
1343 2650 1391 2680 ut
1416 2651 1466 2679 ex
1491 2629 1645 2679 eodem
1674 2633 1844 2677 auetore
1859 2648 1981 2679 com-

1094 2719 1265 2769 pertum
1293 2700 1512 2749 habemus,
1558 2703 1663 2747 Hoc
1688 2701 1897 2752 eximium
1917 2703 1982 2745 in-

1093 2772 1296 2820 stitutum
1317 2770 1451 2818 stante
1472 2765 1657 2834 Republ.
1687 2769 1836 2835 utique
1869 2766 1984 2812 obti-

1838 2833 1985 2894 nuiffe,
