2308 3217
401 145 539 203 IN
633 140 1631 200 PLUTARCHUM.

94 268 273 336 liqmffit.
346 269 560 313 Geminus
600 282 650 311 ex
687 261 898 329 ambiguo
932 264 1000 321 jo-

99 355 189 389 cus.
258 337 380 384 Nam
396 339 471 395 jus
493 336 691 379 Verrinam
716 348 790 379 aut
812 326 998 392 jurisdic-

97 410 265 454 tionem
284 405 430 450 Verris
447 404 641 448 Praetoris
655 397 891 467 significare
917 410 999 464 po-

99 474 190 528 test,
225 487 300 518 aut
338 474 402 532 jus
431 473 639 526 Verrinae‚
675 467 759 516 hoc
790 468 863 524 est,
898 484 999 533 por-

97 546 205 589 cinae
233 543 384 596 carniS,
421 536 546 608 quod
578 535 816 603 insipidum
858 536 916 582 est
952 544 998 583 &

102 608 286 661 insuave.
323 612 434 656 Item
462 612 518 654 C.
550 604 772 662 Sacerdos,
808 621 857 653 ut
871 601 1000 671 Lipsri

100 679 239 726 verbis
282 674 443 733 dicam,
480 691 580 723 ante
620 678 803 723 Verrem
845 678 1001 722 Praetor

105 745 291 797 urbanus
331 744 496 794 fuerat.-
532 748 569 791 ei
599 761 703 791 curn
726 746 879 791 Verres
911 740 1002 789 suc—

102 813 282 871 cederet,
319 810 485 861 ridiculi
513 809 695 881 quidam
717 811 915 862 homines
930 816 1004 858 Sa-

103 881 267 930 cerdoti
305 881 421 931 irasci
464 880 501 929 st:
538 879 755 938 dicebant,
790 884 869 947 qui
894 882 1002 927 Ver*

103 968 197 1000 rem
227 967 319 998 tarn
339 949 597 1018 improbum
619 948 854 1017 reliquisset.
926 950 998 994 Sa-

105 1019 331 1068 cerdotum
357 1024 476 1067 enim
499 1035 586 1066 erat
623 1018 777 1066 hostias
801 1013 1004 1063 immola—

102 1107 158 1136 re.
233 1091 366 1137 Verre
388 1105 532 1136 autem
551 1103 689 1152 porco
715 1080 906 1132 solebant
929 1101 1004 1131 ve-

105 1173 208 1204 teres
233 1175 326 1204 rem
359 1153 555 1203 divinam
593 1152 732 1201 facere
772 1170 876 1200 cum
916 1149 1005 1200 aliis

105 1223 364 1292 quibusdam
400 1227 512 1280 Diis,
555 1238 652 1270 tum
693 1226 824 1268 etiam
854 1223 1002 1267 Marti.

106 1294 243 1340 Vetus
267 1289 449 1360 quidam
479 1306 637 1356 poeta:

109 1365 234 1409 Mars
265 1378 412 1414 voveo,
435 1358 479 1423 fl
508 1375 676 1424 unquam
709 1357 884 1412 redierit,
910 1357 1008 1422 fac-

179 1443 310 1476 turum
339 1427 489 1474 bidente
513 1432 641 1477 Verre.

110 1501 166 1545 Et
192 1495 313 1562 supra
343 1494 667 1551 Solitaurilibus‚
705 1513 755 1541 ex
767 1492 902 1542 tribus
932 1492 1013 1542 ho-

111 1566 195 1613 stiis
255 1584 318 1613 uae
347 1561 702 1619 immolabantur,
740 1580 876 1610 unam
902 1567 1011 1611 Ver-

113 1652 208 1681 rem
222 1585 348 1682 }uiffe
372 1632 600 1681 docuimus
625 1652 675 1680 ex
701 1633 837 1679 Festo.
894 1637 1011 1700 Ergo

115 1703 181 1750 isti
208 1721 301 1750 non
327 1719 416 1750 tam
430 1701 554 1750 faceti
576 1718 714 1770 quam
742 1698 910 1748 ridiculi
933 1699 1012 1749 ho-

113 1775 277 1826 mines,
351 1769 625 1818 Sacerdotem
683 1769 1011 1828 execrabantur,

115 1838 240 1907 quod
263 1836 381 1886 hunc
405 1842 586 1886 Verrem
616 1856 709 1886 non
738 1836 1009 1894 immolaffer,

116 1925 307 1975 eumque
335 1923 425 1954 tam
452 1906 710 1973 improbum
736 1903 1012 1953 succefforem

118 1972 193 2022 reli
227 1975 355 2022 uisset.
429 1980 500 2023 De
526 1974 652 2038 hujus
690 1992 821 2040 porro
849 1978 937 2037 joci
963 1992 1015 2021 u<

119 1994 304 2112 [riuique
329 2048 530 2092 acumine
565 2063 614 2091 ac
641 2041 785 2109 lepore
803 2042 885 2090 vise
912 2046 1014 2108 Lip-

116 2109 229 2159 fium
268 2130 359 2178 cap.
395 2129 524 2160 XVII.
559 2111 631 2160 lib.
660 2129 711 2159 11.
783 2115 1012 2159 Variarum

116 2179 368 2228 lectionum.
444 2180 525 2228 Sed
550 2198 652 2229 cave
687 2199 743 2227 ne
771 2178 852 2225 tibi
874 2177 1012 2227 fraudi

119 2247 185 2306 fit,
221 2247 327 2297 ficut
353 2254 392 2299 ei
420 2250 560 2297 noster
592 2246 695 2304 fuit,
729 2265 833 2295 cum
866 2252 1011 2314 impu-

121 2315 171 2363 lit
201 2335 293 2364 non
323 2315 412 2365 [atis
448 2322 729 2385 cogitantem,
768 2332 816 2362 ut
851 2316 1034 2364 ibidem

121 2382 326 2444 scriberet,
341 2383 464 2453 quod
489 2384 573 2451 ipse
601 2386 741 2433 noster
763 2390 896 2450 prior,
922 2392 1016 2431 Ver-

124 2471 216 2508 rem,
244 2467 401 2517 porcum
437 2455 598 2519 exseffis
627 2451 862 2520 genitalibns
900 2472 1015 2500 mem-

125 2519 221 2578 bris,
258 2525 424 2568 Latinos
448 2524 584 2569 dicere.

195 2591 356 2655 Neque
383 2607 484 2636 vero
515 2589 586 2637 abs
621 2611 662 2638 re
707 2588 860 2658 (quod
911 2590 1015 2644 offii-

128 2656 470 2723 κιθαείσματος
491 2659 636 2725 χρίειν
662 2657 860 2706 additum
883 2657 948 2716 sit)
973 2677 1017 2705 a-

128 2721 219 2769 liud
245 2721 436 2772 scomma
477 2730 694 2774 Ciceronis
725 2724 915 2775 adversus
954 2731 1018 2788 Q

129 2789 355 2839 Caecilium
383 2796 593 2860 Nigrum,
617 2797 763 2863 ’ἔνοχον
790 2789 847 2846 ‘ml
872 2797 1018 2850 'Igd‘css

1823 164 1935 220 539

1046 258 1155 327 ἵζειν,
1191 265 1259 325 qui
1289 266 1455 308 animum
1497 282 1522 308 a
1561 263 1729 326 Judzis,
1777 269 1837 322 (ἑο
1875 287 1938 316 eo-

1044 346 1129 374 rum
1149 329 1329 393 religione
1355 348 1430 376 non
1451 332 1616 378 alienam
1640 331 1777 380 habere
1806 337 1936 384 crede—

1045 394 1176 455 batur,
1212 404 1256 445 &
1282 398 1570 446 accusatorem
1599 398 1636 446 se
1664 403 1805 448 Verris
1833 421 1938 453 con·

1045 464 1162 511 stitui
1187 482 1382 531 oportere
1411 466 1713 525 contendebat,
1749 471 1890 519 noster
1916 491 1940 519 e

1046 530 1195 579 multis
1213 552 1351 581 unum
1377 532 1461 582 hoc
1481 535 1604 584 refert
1619 536 1792 604 scriptor
1811 537 1940 588 Chae-

1047 599 1264 649 ronensrs:
1305 603 1349 655 τί
1383 604 1559 673 Ἰεδὶιῖῳ
1607 606 1711 672 πξός
1758 611 1939 678 χοῖρρη

1049 672 1175 717 Nam
1192 687 1327 718 verres
1354 669 1438 717 sive
1462 690 1616 737 porcos
1634 673 1855 742 fugiebant
1865 682 1944 746 Ju-

1049 735 1146 795 daci,
1170 747 1214 787 &
1231 735 1524 786 averfiabantur
1539 740 1670 809 usque
1693 762 1762 800 eo,
1780 761 1830 792 ut
1851 764 1945 794 non

1049 806 1189 855 modo
1224 824 1316 854 non
1348 825 1502 854 eorum
1525 809 1720 857 carnibus
1737 811 1948 863 vesceren-

1051 891 1135 931 tur,
1170 872 1238 921 sed
1264 894 1318 924 ne
1345 874 1548 925 cadavera
1603 876 1751 925 uidem
1775 887 1946 930 contin-

1051 961 1150 1011 gere
1189 942 1345 1012 absque
1385 962 1548 1013 magno
1570 895 1728 994 (icelere
1763 945 1801 994 se
1834 949 1950 1014 poffe

1052 1028 1264 1078 putarent,
1300 1011 1407 1061 ficut
1428 1032 1478 1061 ex
1503 1012 1640 1062 Mofis
1669 1015 1806 1064 verbis
1825 1020 1952 1068 Levi-

1054 1084 1126 1129 tici
1153 1098 1225 1130 XI.
1256 1099 1348 1149 cap.
1376 1079 1560 1130 sestione
1597 1100 1707 1132 vm.
1734 1093 1778 1132 &
1808 1083 1954 1137 secun-

1055 1148 1099 1197 di
1113 1151 1376 1200 Maccabaici
1395 1169 1487 1217 cap.
1506 1169 1572 1199 vi.
1591 1151 1776 1200 distinet.
1797 1171 1952 1205 XVIII.

1053 1216 1225 1287 liquido
1255 1224 1568 1269 convincimus.
1620 1220 1776 1269 Paffim
1805 1229 1955 1274 veritas

1054 1290 1271 1337 Hebraica
1311 1307 1438 1338 vocat
1480 1287 1574 1337 illos
1611 1294 1783 1348 temeim,
1830 1293 1954 1361 quod

1057 1372 1181 1403 Lxx.
1209 1374 1382 1407 vertunt
1407 1358 1699 1428 οἰκαθοίξτες,
1727 1369 1768 1407 &
1796 1363 1958 1429 quibus

1058 1441 1152 1472 non
1178 1422 1319 1472 solum
1343 1445 1436 1475 non
1465 1426 1586 1484 vesci,
1622 1425 1691 1476 sed
1727 1446 1868 1498 neque
1905 1450 1957 1478 o—

1059 1497 1193 1559 perari
1224 1493 1284 1541 fas
1311 1497 1417 1543 esset.
1487 1501 1633 1558 Qare
1667 1498 1841 1555 duno-[34⁴
1877 1517 1954 1565 ap-

1058 1559 1188 1627 pellat
1211 1561 1416 1632 Josephus
1447 1581 1538 1630 cap.
1565 1582 1597 1616 1,
1622 1563 1694 1612 lib.
1729 1583 1776 1613 v.
1806 1568 1954 1616 Excid.

1064 1640 1109 1678 &
1141 1632 1311 1701 α’νιεςξές
1330 1631 1447 1699 apud
1474 1637 1717 1701 AEgyptios,
1734 1639 1812 1702 qui
1835 1654 1859 1682 a
1887 1642 1960 1707 Jun-

1061 1698 1161 1747 daeis
1187 1698 1286 1758 hoc,
1336 1718 1385 1748 ut
1417 1699 1495 1749 alia
1533 1701 1749 1771 pleraque,
1786 1721 1960 1772 accepe-

1061 1785 1172 1825 rant,
1209 1767 1378 1818 eoldem
1411 1769 1529 1817 fuisse
1570 1768 1755 1827 habitos,
1808 1777 1958 1823 aristot
1992 1816 1994 1818 ,

1063 1837 1121 1883 est
1159 1839 1300 1885 noster
1328 1837 1402 1886 lib.
1431 1838 1692 1896 (affi’ffo-ffog
1712 1858 1810 1907 pag.
1843 1862 1977 1905 353,⁴

1063 1909 1199 1972 Igitur
1233 1911 1435 1973 interpres
1461 1906 1633 1976 Josephi
1671 1908 1859 1958 Rufinus
1895 1915 1960 1960 A-

1061 1971 1316 2040 quileiensrs,
1363 1974 1485 2044 quod
1534 1978 1593 2024 est
1633 1996 1658 2024 a
1700 1978 1960 2029 Casaubono

1063 2041 1190 2089 docte
1214 2042 1499 2101 observatum,
1537 2045 1699 2099 oivo'me
1727 2045 1840 2114 ζῶα,
1889 2067 1957 2097 ne-

1053 2110 1186 2175 fanda
1209 2114 1395 2159 animalia
1421 2118 1616 2180 imperite
1639 2121 1867 2174 convertit,
1907 2128 1954 2167 ὃς

1063 2184 1213 2246 magni
1257 2180 1391 2229 cauffa
1429 2178 1513 2229 fuit
1563 2187 1709 2229 erroris
1761 2190 1963 2234 maximo

1065 2246 1284 2296 Cardinali
1306 2254 1508 2307 Baronio,
1550 2259 1593 2298 δε
1631 2257 1718 2315 ejus
1739 2258 1955 2302 Breviato-

1062 2316 1191 2375 ribus,
1228 2322 1305 2385 qui
1331 2319 1615 2366 existimantes
1644 2320 1834 2385 nefandos
1847 2327 1960 2391 aJo—

1063 2382 1189 2450 sepho
1217 2383 1353 2434 cheros
1375 2388 1451 2434 effe
1474 2406 1645 2456 porcos,
1683 2387 1812 2436 horum
1828 2409 1875 2438 ne
1879 2391 1958 2457 fet-

1064 2458 1100 2499 ri
1133 2456 1283 2520 quidem
1314 2460 1466 2502 nomina
1501 2457 1639 2520 licuiffe
1666 2454 1953 2521 tradiderunt,

1064 2519 1148 2587 ipse
1186 2521 1480 2572 illustrissimus
1511 2523 1746 2572 Cardinalis
1784 2525 1838 2574 ad
1880 2547 1958 2576 an-

1065 2608 1174 2637 num
1200 2590 1357 2640 Christi
1386 2610 1539 2640 xxxx.
1570 2611 1692 2640 num.
1721 2611 1864 2657 inx.
1895 2595 1956 2647 illi

1065 2662 1339 2725 Epitomastae
1367 2666 1466 2708 anni
1484 2658 1669 2723 ejusdem
1685 2680 1806 2709 num.
1826 2682 1954 2716 xxv.

1067 2735 1111 2776 ὃς
1127 2733 1229 2776 anni
1251 2745 1494 2776 cxxxvu.
1508 2747 1630 2775 num.
1651 2747 1724 2778 111.
1744 2736 1846 2779 Hoc
1862 2752 1962 2795 por-

1064 2795 1376 2865 rojudaeorum
1392 2796 1656 2847 anter-'aetum
1673 2803 1717 2846 in
1733 2797 1885 2867 porcos
1912 2822 1961 2850 0-

1842 2869 1964 2920 dium
1997 2933 2003 2936 μ
