2308 3217
395 130 533 186 IN
626 122 1623 185 PLUTARCHUM.

169 294 729 345 ANIMADVERS.
779 293 937 340 XXX.

112 437 322 480 Ciceronem
358 433 400 476 in
436 428 676 491 aestimatione
715 429 798 476 litis
832 430 999 474 Wrrinae

177 516 252 545 non
276 512 358 545 tam
387 497 519 543 videri
544 501 865 561 praevaricatum‚
885 512 998 561 quam

177 569 318 632 legitur
342 566 444 630 apud
478 564 740 612 Plutarchum.
813 567 1001 610 Damnati

174 634 468 698 repetundarum
492 647 610 698 poenae
644 634 746 698 dupli
769 633 842 680 vel
865 635 1001 697 majori

176 703 344 750 obnoxii.

146 843 199 885 In
229 833 383 884 eodem
403 840 690 892 C1CERONE,
720 852 818 904 pag.
851 844 975 909 448.-

115 974 354 1099 ΟΥτω
378 970 406 1038 ἃ
429 975 488 1025 ri}
515 972 644 1048 Βέρῥες
671 969 1007 1025 nevaeum&-

288 1052 394 1104 τῶν,
411 1044 689 1113 ἑὲὢομῆκοιῆα
715 1042 819 1098 wirne
835 1044 1007 1111 μυθεί-

116 1117 198 1170 ἂων
236 1113 555 1185 τιμησαίμῖζυῦδ
593 1117 684 1171 elec>
723 1117 852 1170 dc'nlw
883 1120 902 1170 ὁ
934 1127 1008 1171 Κι-

116 1189 252 1258 nigror,
288 1191 511 1246 ὃιαέολᾶὐ
540 1193 658 1264 ἔχεν,
682 1192 740 1247 ῶς
768 1193 832 1244 ἐπ’
859 1193 1008 1259 05qu-

119 1262 202 1330 ee'cp
226 1265 277 1318 τὰ
305 1265 488 1329 τίμημα
515 1261 874 1330 καθυφαμῆύῶ-
911 1269 1011 1331 My-

119 1332 249 1378 riades
263 1349 423 1379 LXXV.
438 1330 755 1397 compendiose,
770 1339 813 1378 &
830 1329 1012 1400 loquen-

121 1397 167 1446 di
191 1417 313 1447 more
330 1404 489 1448 Graecis
513 1398 681 1456 usitato,
717 1397 899 1466 appellat
926 1398 962 1446 se
995 1431 1013 1436 -

123 1470 300 1534 tingena
335 1473 640 1536 quinquagena
686 1466 821 1515 millia
865 1417 1016 1516 dracfi-

123 1552 312 1592 marum,
349 1540 395 1582 in
423 1554 610 1604 quarum
641 1534 820 1604 singulas
847 1553 1017 1605 quater-

125 1621 205 1651 nos
234 1601 434 1652 sestertios
476 1609 650 1653 nummi
688 1609 881 1654 Romani
916 1603 1017 1653 solet

123 1675 353 1738 imputare,
390 1688 439 1720 ut
465 1671 516 1720 fit
540 1693 586 1721 ea
618 1672 784 1721 summa
810 1670 1019 1722 duntaxat

127 1745 220 1788 HS.
247 1745 392 1788 tricies.
451 1745 560 1801 Qis
588 1739 730 1790 credat
757 1746 1019 1809 praevaricari

126 1805 257 1875 usque
282 1808 389 1856 adeo
415 1819 459 1858 &
491 1809 665 1857 voluisse
685 1819 727 1859 &
757 1811 934 1875 potuiffe
947 1813 1016 1858 M.

129 1880 403 1933 Ciceronem,
441 1892 491 1923 ut
527 1875 672 1944 septies
712 1881 836 1926 vicies
884 1895 1021 1945 prope

130 1948 308 1992 minoris
338 1962 473 2011 quam
504 1942 570 1993 lex
597 1945 788 2007 jubebat,
823 1943 946 1994 litem
977 1965 1021 1993 e-

131 2030 203 2058 am
241 2013 481 2060 aestimarit?
517 2016 641 2059 Nam
678 2013 1020 2082 quadringenties

130 2085 222 2128 HS.
249 2100 300 2128 ex
328 2080 467 2129 Sicilia
492 2085 640 2130 Verres
663 2080 870 2130 abstulisse
895 2100 1022 2131 accu-

131 2147 308 2197 sabatur.
343 2148 431 2215 Ipse
459 2153 624 2197 Orator
657 2167 709 2197 11.
737 2156 947 2199 Oratione
974 2155 1019 2200 in

132 2220 329 2274 Verrem,
366 2216 420 2265 ad
444 2217 634 2266 calcem:
669 2222 841 2266 Dicimus
869 2225 908 2266 C.
929 2224 1023 2266 Ver-

133 2303 211 2331 rem
237 2304 321 2332 cum
349 2289 470 2335 multa
494 2286 702 2352 libidinose,
737 2288 860 2335 multa
887 2288 1024 2335 crude—

137 2353 226 2399 liter
254 2357 294 2399 in
318 2358 429 2402 cives
453 2360 642 2402 Romanos
666 2369 783 2421 atque
822 2358 863 2402 in
875 2357 1020 2421 socios,

136 2421 259 2467 multa
285 2424 327 2467 in
352 2427 451 2469 Deos
473 2425 707 2490 hominesque
749 2423 898 2490 nefarie
911 2424 1026 2490 fece·

138 2492 206 2545 rit,
218 2502 298 2535 tum
317 2502 504 2554 praeterea
529 2492 843 2558 quadringenties
872 2497 954 2538 HS.
977 2511 1026 2540 ex

142 2557 276 2603 Sicilia
301 2570 436 2603 contra
465 2560 563 2626 leges
588 2560 781 2625 abstuliffie.
828 2558 1026 2608 Accusari

141 2639 302 2679 autem,
338 2629 540 2674 convinci
564 2626 660 2684 fuit,
695 2627 802 2675 adeo
835 2625 1027 2676 luculen-

143 2695 193 2737 tis
223 2692 410 2748 testibus,
447 2692 611 2752 tabulis,
633 2700 806 2761 privatis
833 2694 1028 2762 publicis-

142 2777 226 2827 que
252 2761 573 2811 au&oritatibus
599 2760 685 2829 ipse
712 2782 868 2823 orator,
886 2781 935 2811 ut
955 2768 1027 2822 ait,

211 2830 327 2875 V01..
357 2831 436 2875 IV.

1824 139 1928 198 541

1044 236 1228 303 planum
1252 239 1385 289 facere
1413 258 1579 307 paratus
1600 257 1700 297 erat,
1710 238 1832 308 quod
1854 241 1932 289 ob-

1044 308 1236 368 jiciebat:
1253 327 1389 376 eoque
1414 307 1569 357 dir-eece
1590 313 1840 374 patrocinari
1863 327 1932 356 ac-

1044 373 1187 421 cusato
1209 393 1300 423 non
1324 378 1381 423 est
1408 378 1525 424 ausus
1550 373 1819 430 Hortensius,
1839 393 1932 423 tan-

1045 458 1142 490 tum
1169 448 1214 491 in
1240 444 1484 492 aestimanda
1518 444 1589 491 lite
1625 441 1776 499 adfuit,
1811 441 1932 509 quod

1046 508 1292 560 Plutarchus
1312 511 1554 560 confitetur.
1627 510 1708 558 Sed
1737 528 1934 576 repetun-

1047 577 1200 626 darum
1224 578 1444 628 damnatos
1468 599 1597 647 poena
1612 577 1825 646 duplionis
1841 577 1936 626 vul-

1047 665 1108 715 go
1133 645 1301 713 paffim,
1339 657 1382 695 ὃς
1415 654 1551 709 major
1590 646 1821 716 aliquando
1845 665 1937 694 ma-

1051 715 1190 771 nebat,
1227 730 1276 761 ut
1304 733 1353 761 ex
1377 713 1490 762 libris
1520 721 1631 783 Juris
1662 716 1937 763 manifestum

1053 784 1126 840 est,
1165 792 1208 831 ὃς
1246 780 1454 829 Asconius
1483 783 1661 846 expresse
1696 784 1936 830 attestatur:

1051 849 1187 917 Igitur
1233 855 1471 898 minimum
1524 854 1570 896 H
1587 854 1624 898 S.
1667 854 1944 916 octingenties

1053 923 1233 966 nomine
1254 917 1376 985 dupli
1404 922 1537 983 repeti
1559 922 1755 985 exigique
1775 936 1799 964 a
1812 922 1943 965 Verre

1054 993 1259 1053 oportuit.
1329 985 1467 1049 Qod
1495 991 1656 1035 Orator
1678 991 1788 1034 inter
1814 1003 1944 1054 agen-

1055 1054 1164 1103 dum
1199 1074 1292 1103 non
1326 1054 1462 1104 niodo
1506 1052 1686 1103 libenter
1719 1055 1944 1121 praestitit:

1055 1121 1123 1173 sed
1149 1128 1278 1173 etiam
1305 1129 1411 1191 rapti
1439 1123 1764 1191 sesquialterum,
1799 1120 1844 1170 id
1869 1125 1944 1181 est,

1058 1196 1142 1240 HS
1173 1192 1322 1241 millies
1345 1211 1418 1259 per
1446 1192 1629 1258 αὔξησιν
1649 1191 1791 1258 palam
1818 1209 1866 1239 ac
1883 1191 1948 1239 di-

1057 1257 1157 1309 serte
1180 1266 1227 1309 in
1250 1266 1531 1310 Divinatione
1555 1260 1776 1329 flagitavit.
1850 1263 1952 1308 Sici-

1061 1329 1115 1375 lia
1140 1342 1226 1377 tota
1238 1332 1283 1395 fi
1299 1350 1377 1378 una
1401 1349 1501 1377 voce
1525 1331 1756 1396 loqueretur,
1792 1329 1861 1376 hoc
1890 1330 1950 1376 di-

1061 1410 1184 1456 ceret3
1231 1400 1334 1463 quod
1360 1403 1528 1465 argenti,
1563 1398 1666 1464 quod
1702 1401 1805 1454 auri,
1851 1398 1956 1462 quod

1061 1466 1367 1513 ornamentorum
1391 1471 1432 1512 in
1466 1470 1557 1514 meis
1582 1465 1752 1522 urbibus,
1777 1465 1951 1532 sedibus,

1062 1533 1229 1580 delubris
1237 1534 1341 1598 fuit,
1377 1535 1478 1601 quod
1499 1538 1540 1580 in
1566 1553 1793 1600 unaquaque
1820 1553 1861 1580 re
1891 1533 1955 1581 be-

1065 1600 1198 1664 neficio
1226 1609 1393 1649 Senatus
1408 1604 1608 1668 populique
1639 1606 1744 1648 Rom.
1749 1605 1861 1666 juris
1883 1602 1955 1648 ha-

1066 1668 1144 1725 bui,
1182 1670 1226 1716 id
1242 1670 1333 1716 mihi
1355 1684 1400 1717 tu
1423 1677 1463 1717 C.
1493 1677 1628 1717 Verres
1651 1671 1816 1736 eripuisti
1838 1684 1956 1736 atque

1067 1737 1260 1801 abstulisti.
1336 1747 1418 1805 Qo
1444 1742 1589 1786 nomine
1612 1737 1679 1784 abs
1707 1753 1744 1785 te
1771 1743 1852 1784 HS.
1871 1739 1959 1785 mil-

1067 1806 1136 1852 lies
1166 1825 1215 1852 ex
1238 1807 1318 1872 lege
1357 1819 1497 1871 repeto.
1566 1809 1708 1853 Tricies
1746 1812 1828 1853 HS.
1851 1807 1960 1871 stipe

1067 1874 1265 1931 nostrate,
1301 1873 1368 1924 vel
1386 1872 1557 1922 Gallico
1582 1874 1850 1930 numismate,
1865 1873 1960 1922 sunt

1066 1939 1318 2009 septuagena
1361 1947 1494 2011 quina
1529 1942 1663 1991 millia
1700 1942 1960 1992 scutatorum

1069 2007 1300 2058 Solarium:
1335 2012 1661 2077 quadringenties,
1699 2009 1832 2059 decies
1861 2031 1962 2059 cen-

1068 2093 1166 2124 tena
1192 2075 1328 2125 millia
1356 2076 1628 2136 scutatorum,
1651 2082 1717 2129 vel
1753 2079 1890 2128 millio
1910 2099 1961 2128 u-

1069 2163 1177 2203 nus:
1213 2147 1478 2213 ofiirzgenties,
1503 2147 1592 2195 duo
1619 2148 1851 2198 milliones:
1888 2149 1961 2196 de—

1069 2218 1202 2282 nique
1221 2216 1358 2263 millies
1379 2221 1460 2262 HS.
1481 2215 1575 2263 sunt
1601 2222 1726 2266 vicies
1753 2222 1961 2288 quinqui-

1070 2300 1109 2329 es
1138 2299 1316 2331 centena
1342 2280 1476 2331 millia
1508 2285 1755 2334 nostrorum
1780 2285 1962 2334 scutato-

1069 2368 1169 2397 rum
1198 2350 1425 2409 Solarium,
1461 2350 1506 2400 id
1534 2354 1608 2411 est,
1633 2353 1843 2402 milliones
1868 2352 1959 2402 duo

1075 2429 1116 2466 δέ
1151 2437 1261 2467 unus
1304 2418 1563 2469 dimidiatus.
1634 2427 1724 2470 Has
1763 2440 1853 2470 tam
1890 2428 1958 2472 in-

1073 2504 1215 2554 gentes
1235 2487 1417 2537 summas
1446 2494 1490 2537 in
1510 2494 1697 2555 primam
1724 2488 1855 2548 illam,
1871 2509 1959 2558 prae

1073 2554 1136 2602 his
1175 2557 1475 2621 posterioribus
1520 2562 1710 2605 nimium
1745 2578 1961 2628 quantum

1074 2627 1288 2691 exiguam,
1338 2630 1558 2674 Ciceronis
1601 2631 1876 2675 conniventia
1914 2639 1958 2677 ὃς

1075 2698 1418 2757 praevaricatione
1458 2691 1678 2742 decrevisse
1699 2740 1703 2743 ,
1725 2714 1816 2743 non
1869 2696 1963 2745 saiw

1078 2758 1312 2826 persuaderi
1352 2779 1524 2830 queam.
1605 2764 1697 2811 Aut
1736 2766 1793 2813 est
1835 2769 1965 2833 igitur

1186 2835 1223 2879 Z
1239 2852 1262 2881 z
1278 2853 1303 2882 z
1852 2856 1973 2906 mag-
